EXCHANGE,sequence,tradedate,tradetime,securitycode,orderid,dealsource,dealsourcedecoded,exchangeinfo,matchgroupid,nationalbidpricesnapshot,nationalofferpricesnapshot,tradeprice,quantity,side,sidedecoded,participantid,passiveaggressive,row_num
3,3113624,2024-09-05,1725494536001032398,110621,7904794000124046634,20,Auction,ON Market,7904794000123498546,3330,3340,3340,1,1,Buy,8,0,1
3,3113625,2024-09-05,1725494536001032398,110621,7904794000123705673,20,Auction,ON Market,7904794000123498546,3330,3340,3340,1,2,Sell,61,0,2
3,3113626,2024-09-05,1725494536001032398,110621,7904794000124046634,20,Auction,ON Market,7904794000123498547,3330,3340,3340,75,1,Buy,8,0,3
3,3113627,2024-09-05,1725494536001032398,110621,7904794000123705907,20,Auction,ON Market,7904794000123498547,3330,3340,3340,75,2,Sell,61,0,4
3,3113628,2024-09-05,1725494536001032398,110621,7904794000124046634,20,Auction,ON Market,7904794000123498548,3330,3340,3340,7683,1,Buy,8,0,5
3,3113629,2024-09-05,1725494536001032398,110621,7904794000123908165,20,Auction,ON Market,7904794000123498548,3330,3340,3340,7683,2,Sell,47,0,6
3,3113630,2024-09-05,1725494536001032398,110621,7904794000124046634,20,Auction,ON Market,7904794000123498549,3330,3340,3340,2103,1,Buy,8,0,7
3,3113631,2024-09-05,1725494536001032398,110621,7904794000123920594,20,Auction,ON Market,7904794000123498549,3330,3340,3340,2103,2,Sell,47,0,8
3,3113632,2024-09-05,1725494536001032398,110621,7904794000123886067,20,Auction,ON Market,7904794000123498550,3330,3340,3340,1,1,Buy,51,0,9
3,3113633,2024-09-05,1725494536001032398,110621,7904794000123920594,20,Auction,ON Market,7904794000123498550,3330,3340,3340,1,2,Sell,47,0,10
3,3113634,2024-09-05,1725494536001032398,110621,7904794000123916517,20,Auction,ON Market,7904794000123498551,3330,3340,3340,1,1,Buy,51,0,11
3,3113635,2024-09-05,1725494536001032398,110621,7904794000123920594,20,Auction,ON Market,7904794000123498551,3330,3340,3340,1,2,Sell,47,0,12
3,3113636,2024-09-05,1725494536001032398,110621,7904794000123932081,20,Auction,ON Market,7904794000123498552,3330,3340,3340,350,1,Buy,51,0,13
3,3113637,2024-09-05,1725494536001032398,110621,7904794000123920594,20,Auction,ON Market,7904794000123498552,3330,3340,3340,350,2,Sell,47,0,14
3,3113638,2024-09-05,1725494536001032398,110621,7904794000123936929,20,Auction,ON Market,7904794000123498553,3330,3340,3340,125,1,Buy,51,0,15
3,3113639,2024-09-05,1725494536001032398,110621,7904794000123920594,20,Auction,ON Market,7904794000123498553,3330,3340,3340,125,2,Sell,47,0,16
3,3113640,2024-09-05,1725494536001032398,110621,7904794000123936929,20,Auction,ON Market,7904794000123498554,3330,3340,3340,2726,1,Buy,51,0,17
3,3113641,2024-09-05,1725494536001032398,110621,7904794000123957469,20,Auction,ON Market,7904794000123498554,3330,3340,3340,2726,2,Sell,47,0,18
3,3113642,2024-09-05,1725494536001032398,110621,7904794000123941628,20,Auction,ON Market,7904794000123498555,3330,3340,3340,1708,1,Buy,51,0,19
3,3113643,2024-09-05,1725494536001032398,110621,7904794000123957469,20,Auction,ON Market,7904794000123498555,3330,3340,3340,1708,2,Sell,47,0,20
3,3113644,2024-09-05,1725494536001032398,110621,7904794000123942269,20,Auction,ON Market,7904794000123498556,3330,3340,3340,892,1,Buy,51,0,21
3,3113645,2024-09-05,1725494536001032398,110621,7904794000123957469,20,Auction,ON Market,7904794000123498556,3330,3340,3340,892,2,Sell,47,0,22
3,3113646,2024-09-05,1725494536001032398,110621,7904794000123943497,20,Auction,ON Market,7904794000123498557,3330,3340,3340,483,1,Buy,51,0,23
3,3113647,2024-09-05,1725494536001032398,110621,7904794000123957469,20,Auction,ON Market,7904794000123498557,3330,3340,3340,483,2,Sell,47,0,24
3,3113648,2024-09-05,1725494536001032398,110621,7904794000123943497,20,Auction,ON Market,7904794000123498558,3330,3340,3340,298,1,Buy,51,0,25
3,3113649,2024-09-05,1725494536001032398,110621,7904794000124028775,20,Auction,ON Market,7904794000123498558,3330,3340,3340,298,2,Sell,47,0,26
3,3113650,2024-09-05,1725494536001032398,110621,7904794000123952224,20,Auction,ON Market,7904794000123498559,3330,3340,3340,13,1,Buy,51,0,27
3,3113651,2024-09-05,1725494536001032398,110621,7904794000124028775,20,Auction,ON Market,7904794000123498559,3330,3340,3340,13,2,Sell,47,0,28
3,3113652,2024-09-05,1725494536001032398,110621,7904794000123958569,20,Auction,ON Market,7904794000123498560,3330,3340,3340,891,1,Buy,51,0,29
3,3113653,2024-09-05,1725494536001032398,110621,7904794000124028775,20,Auction,ON Market,7904794000123498560,3330,3340,3340,891,2,Sell,47,0,30
3,3113654,2024-09-05,1725494536001032398,110621,7904794000123961463,20,Auction,ON Market,7904794000123498561,3330,3340,3340,891,1,Buy,51,0,31
3,3113655,2024-09-05,1725494536001032398,110621,7904794000124028775,20,Auction,ON Market,7904794000123498561,3330,3340,3340,891,2,Sell,47,0,32
3,3113656,2024-09-05,1725494536001032398,110621,7904794000123963250,20,Auction,ON Market,7904794000123498562,3330,3340,3340,495,1,Buy,51,0,33
3,3113657,2024-09-05,1725494536001032398,110621,7904794000124028775,20,Auction,ON Market,7904794000123498562,3330,3340,3340,495,2,Sell,47,0,34
3,3113658,2024-09-05,1725494536001032398,110621,7904794000123964499,20,Auction,ON Market,7904794000123498563,3330,3340,3340,241,1,Buy,51,0,35
3,3113659,2024-09-05,1725494536001032398,110621,7904794000124028775,20,Auction,ON Market,7904794000123498563,3330,3340,3340,241,2,Sell,47,0,36
3,3113660,2024-09-05,1725494536001032398,110621,7904794000123982047,20,Auction,ON Market,7904794000123498564,3330,3340,3340,890,1,Buy,51,0,37
3,3113661,2024-09-05,1725494536001032398,110621,7904794000124028775,20,Auction,ON Market,7904794000123498564,3330,3340,3340,890,2,Sell,47,0,38
3,3113662,2024-09-05,1725494536001032398,110621,7904794000124058089,20,Auction,ON Market,7904794000123498565,3330,3340,3340,1178,1,Buy,51,0,39
3,3113663,2024-09-05,1725494536001032398,110621,7904794000124028775,20,Auction,ON Market,7904794000123498565,3330,3340,3340,1178,2,Sell,47,0,40
3,3113664,2024-09-05,1725494536001032398,110621,7904794000124078074,20,Auction,ON Market,7904794000123498566,3330,3340,3340,37,1,Buy,51,0,41
3,3113665,2024-09-05,1725494536001032398,110621,7904794000124028775,20,Auction,ON Market,7904794000123498566,3330,3340,3340,37,2,Sell,47,0,42
3,3113666,2024-09-05,1725494536001032398,110621,7904794000124081051,20,Auction,ON Market,7904794000123498567,3330,3340,3340,3,1,Buy,51,0,43
3,3113667,2024-09-05,1725494536001032398,110621,7904794000124028775,20,Auction,ON Market,7904794000123498567,3330,3340,3340,3,2,Sell,47,0,44
3,3113668,2024-09-05,1725494536001032398,110621,7904794000124083437,20,Auction,ON Market,7904794000123498568,3330,3340,3340,1,1,Buy,51,0,45
3,3113669,2024-09-05,1725494536001032398,110621,7904794000124028775,20,Auction,ON Market,7904794000123498568,3330,3340,3340,1,2,Sell,47,0,46
3,3113670,2024-09-05,1725494536001032398,110621,7904794000124090500,20,Auction,ON Market,7904794000123498569,3330,3340,3340,493,1,Buy,51,0,47
3,3113671,2024-09-05,1725494536001032398,110621,7904794000124028775,20,Auction,ON Market,7904794000123498569,3330,3340,3340,493,2,Sell,47,0,48
3,3113672,2024-09-05,1725494536001032398,110621,7904794000124092633,20,Auction,ON Market,7904794000123498570,3330,3340,3340,99,1,Buy,51,0,49
3,3113673,2024-09-05,1725494536001032398,110621,7904794000124028775,20,Auction,ON Market,7904794000123498570,3330,3340,3340,99,2,Sell,47,0,50
3,3113674,2024-09-05,1725494536001032398,110621,7904794000124113149,20,Auction,ON Market,7904794000123498571,3330,3340,3340,238,1,Buy,51,0,51
3,3113675,2024-09-05,1725494536001032398,110621,7904794000124028775,20,Auction,ON Market,7904794000123498571,3330,3340,3340,238,2,Sell,47,0,52
3,3113676,2024-09-05,1725494536001032398,110621,7904794000124114280,20,Auction,ON Market,7904794000123498572,3330,3340,3340,240,1,Buy,51,0,53
3,3113677,2024-09-05,1725494536001032398,110621,7904794000124028775,20,Auction,ON Market,7904794000123498572,3330,3340,3340,240,2,Sell,47,0,54
3,3113678,2024-09-05,1725494536001032398,110621,7904794000124119474,20,Auction,ON Market,7904794000123498573,3330,3340,3340,1017,1,Buy,51,0,55
3,3113679,2024-09-05,1725494536001032398,110621,7904794000124028775,20,Auction,ON Market,7904794000123498573,3330,3340,3340,1017,2,Sell,47,0,56
3,3113680,2024-09-05,1725494536001032398,110621,7904794000124128342,20,Auction,ON Market,7904794000123498574,3330,3340,3340,7,1,Buy,51,0,57
3,3113681,2024-09-05,1725494536001032398,110621,7904794000124028775,20,Auction,ON Market,7904794000123498574,3330,3340,3340,7,2,Sell,47,0,58
3,3113682,2024-09-05,1725494536001032398,110621,7904794000123881961,20,Auction,ON Market,7904794000123498575,3330,3340,3340,3000,1,Buy,69,0,59
3,3113683,2024-09-05,1725494536001032398,110621,7904794000124028775,20,Auction,ON Market,7904794000123498575,3330,3340,3340,3000,2,Sell,47,0,60
3,3113684,2024-09-05,1725494536001032398,110621,7904794000123902278,20,Auction,ON Market,7904794000123498576,3330,3340,3340,48,1,Buy,61,0,61
3,3113685,2024-09-05,1725494536001032398,110621,7904794000124028775,20,Auction,ON Market,7904794000123498576,3330,3340,3340,48,2,Sell,47,0,62
3,3113686,2024-09-05,1725494536001032398,110621,7904794000124114787,20,Auction,ON Market,7904794000123498577,3330,3340,3340,8741,1,Buy,67,0,63
3,3113687,2024-09-05,1725494536001032398,110621,7904794000124028775,20,Auction,ON Market,7904794000123498577,3330,3340,3340,8741,2,Sell,47,0,64
3,3113688,2024-09-05,1725494536001032398,110621,7904794000124114787,20,Auction,ON Market,7904794000123498578,3330,3340,3340,3853,1,Buy,67,0,65
3,3113689,2024-09-05,1725494536001032398,110621,7904794000124078611,20,Auction,ON Market,7904794000123498578,3330,3340,3340,3853,2,Sell,47,0,66
3,3113690,2024-09-05,1725494536001032398,110621,7904794000123751956,20,Auction,ON Market,7904794000123498579,3330,3340,3340,190,1,Buy,67,0,67
3,3113691,2024-09-05,1725494536001032398,110621,7904794000124078611,20,Auction,ON Market,7904794000123498579,3330,3340,3340,190,2,Sell,47,0,68
3,3113692,2024-09-05,1725494536001032398,110621,7904794000123853024,20,Auction,ON Market,7904794000123498580,3330,3340,3340,144,1,Buy,67,0,69
3,3113693,2024-09-05,1725494536001032398,110621,7904794000124078611,20,Auction,ON Market,7904794000123498580,3330,3340,3340,144,2,Sell,47,0,70
3,3113694,2024-09-05,1725494536001032398,110621,7904794000124119338,20,Auction,ON Market,7904794000123498581,3330,3340,3340,788,1,Buy,61,0,71
3,3113695,2024-09-05,1725494536001032398,110621,7904794000124078611,20,Auction,ON Market,7904794000123498581,3330,3340,3340,788,2,Sell,47,0,72
3,3113696,2024-09-05,1725494536001032398,110621,7904794000123849814,20,Auction,ON Market,7904794000123498582,3330,3340,3340,853,1,Buy,42,0,73
3,3113697,2024-09-05,1725494536001032398,110621,7904794000124078611,20,Auction,ON Market,7904794000123498582,3330,3340,3340,853,2,Sell,47,0,74
3,3113698,2024-09-05,1725494536001032398,110621,7904794000123889782,20,Auction,ON Market,7904794000123498583,3330,3340,3340,1616,1,Buy,42,0,75
3,3113699,2024-09-05,1725494536001032398,110621,7904794000124078611,20,Auction,ON Market,7904794000123498583,3330,3340,3340,1616,2,Sell,47,0,76
3,3113700,2024-09-05,1725494536001032398,110621,7904794000123922396,20,Auction,ON Market,7904794000123498584,3330,3340,3340,25,1,Buy,42,0,77
3,3113701,2024-09-05,1725494536001032398,110621,7904794000124078611,20,Auction,ON Market,7904794000123498584,3330,3340,3340,25,2,Sell,47,0,78
3,3113702,2024-09-05,1725494536001032398,110621,7904794000123914895,20,Auction,ON Market,7904794000123498585,3330,3340,3340,819,1,Buy,42,0,79
3,3113703,2024-09-05,1725494536001032398,110621,7904794000124078611,20,Auction,ON Market,7904794000123498585,3330,3340,3340,819,2,Sell,47,0,80
3,3113704,2024-09-05,1725494536001032398,110621,7904794000123945665,20,Auction,ON Market,7904794000123498586,3330,3340,3340,102,1,Buy,42,0,81
3,3113705,2024-09-05,1725494536001032398,110621,7904794000124078611,20,Auction,ON Market,7904794000123498586,3330,3340,3340,102,2,Sell,47,0,82
3,3113706,2024-09-05,1725494536001032398,110621,7904794000123984694,20,Auction,ON Market,7904794000123498587,3330,3340,3340,645,1,Buy,42,0,83
3,3113707,2024-09-05,1725494536001032398,110621,7904794000124078611,20,Auction,ON Market,7904794000123498587,3330,3340,3340,645,2,Sell,47,0,84
3,3113708,2024-09-05,1725494536001032398,110621,7904794000124080513,20,Auction,ON Market,7904794000123498588,3330,3340,3340,132,1,Buy,42,0,85
3,3113709,2024-09-05,1725494536001032398,110621,7904794000124078611,20,Auction,ON Market,7904794000123498588,3330,3340,3340,132,2,Sell,47,0,86
3,3113710,2024-09-05,1725494536001032398,110621,7904794000124112667,20,Auction,ON Market,7904794000123498589,3330,3340,3340,1608,1,Buy,67,0,87
3,3113711,2024-09-05,1725494536001032398,110621,7904794000124078611,20,Auction,ON Market,7904794000123498589,3330,3340,3340,1608,2,Sell,47,0,88
3,3113712,2024-09-05,1725494536001032398,110621,7904794000124112912,20,Auction,ON Market,7904794000123498590,3330,3340,3340,3234,1,Buy,67,0,89
3,3113713,2024-09-05,1725494536001032398,110621,7904794000124078611,20,Auction,ON Market,7904794000123498590,3330,3340,3340,3234,2,Sell,47,0,90
3,3113714,2024-09-05,1725494536001032398,110621,7904794000124114572,20,Auction,ON Market,7904794000123498591,3330,3340,3340,1656,1,Buy,146,0,91
3,3113715,2024-09-05,1725494536001032398,110621,7904794000124078611,20,Auction,ON Market,7904794000123498591,3330,3340,3340,1656,2,Sell,47,0,92
3,3113716,2024-09-05,1725494536001032398,110621,7904794000124114572,20,Auction,ON Market,7904794000123498592,3330,3340,3340,4098,1,Buy,146,0,93
3,3113717,2024-09-05,1725494536001032398,110621,7904794000124063686,20,Auction,ON Market,7904794000123498592,3330,3340,3340,4098,2,Sell,47,0,94
3,3113718,2024-09-05,1725494536001032398,110621,7904794000124114572,20,Auction,ON Market,7904794000123498593,3330,3340,3340,357,1,Buy,146,0,95
3,3113719,2024-09-05,1725494536001032398,110621,7904794000123947324,20,Auction,ON Market,7904794000123498593,3330,3340,3340,357,2,Sell,146,0,96
3,3113720,2024-09-05,1725494536001032398,110621,7904794000124114572,45,Auction UCP,ON Market,7904794000123498594,3330,3340,3340,1,1,Buy,146,0,97
3,3113721,2024-09-05,1725494536001032398,110621,7904794000123947437,45,Auction UCP,ON Market,7904794000123498594,3330,3340,3340,1,2,Sell,146,0,98
3,3113722,2024-09-05,1725494536001032398,110621,7904794000124114572,20,Auction,ON Market,7904794000123498595,3330,3340,3340,12,1,Buy,146,0,99
3,3113723,2024-09-05,1725494536001032398,110621,7904794000124128772,20,Auction,ON Market,7904794000123498595,3330,3340,3340,12,2,Sell,146,0,100
3,3113724,2024-09-05,1725494536001032398,110621,7904794000124114572,20,Auction,ON Market,7904794000123498596,3330,3340,3340,656,1,Buy,146,0,101
3,3113725,2024-09-05,1725494536001032398,110621,7904794000123852708,20,Auction,ON Market,7904794000123498596,3330,3340,3340,656,2,Sell,67,0,102
3,3113726,2024-09-05,1725494536001032398,110621,7904794000123682472,20,Auction,ON Market,7904794000123498597,3330,3340,3340,35,1,Buy,54,0,103
3,3113727,2024-09-05,1725494536001032398,110621,7904794000123852708,20,Auction,ON Market,7904794000123498597,3330,3340,3340,35,2,Sell,67,0,104
3,3113728,2024-09-05,1725494536001032398,110621,7904794000123924088,20,Auction,ON Market,7904794000123498598,3330,3340,3340,200,1,Buy,54,0,105
3,3113729,2024-09-05,1725494536001032398,110621,7904794000123852708,20,Auction,ON Market,7904794000123498598,3330,3340,3340,200,2,Sell,67,0,106
3,3113730,2024-09-05,1725494536001032398,110621,7904794000124112668,45,Auction UCP,ON Market,7904794000123498599,3330,3340,3340,11607,1,Buy,67,0,107
3,3113731,2024-09-05,1725494536001032398,110621,7904794000123852708,45,Auction UCP,ON Market,7904794000123498599,3330,3340,3340,11607,2,Sell,67,0,108
3,3113732,2024-09-05,1725494536001032398,110621,7904794000124112668,20,Auction,ON Market,7904794000123498600,3330,3340,3340,25,1,Buy,67,0,109
3,3113733,2024-09-05,1725494536001032398,110621,7904794000123738231,20,Auction,ON Market,7904794000123498600,3330,3340,3340,25,2,Sell,67,0,110
3,3113734,2024-09-05,1725494536001032398,110621,7904794000124112668,20,Auction,ON Market,7904794000123498601,3330,3340,3340,2552,1,Buy,67,0,111
3,3113735,2024-09-05,1725494536001032398,110621,7904794000123908145,20,Auction,ON Market,7904794000123498601,3330,3340,3340,2552,2,Sell,47,0,112
3,3113736,2024-09-05,1725494536001032398,110621,7904794000124116555,20,Auction,ON Market,7904794000123498602,3330,3340,3340,502,1,Buy,67,0,113
3,3113737,2024-09-05,1725494536001032398,110621,7904794000123908145,20,Auction,ON Market,7904794000123498602,3330,3340,3340,502,2,Sell,47,0,114
3,3113738,2024-09-05,1725494536001032398,110621,7904794000124116555,20,Auction,ON Market,7904794000123498603,3330,3340,3340,1126,1,Buy,67,0,115
3,3113739,2024-09-05,1725494536001032398,110621,7904794000123920603,20,Auction,ON Market,7904794000123498603,3330,3340,3340,1126,2,Sell,47,0,116
3,3113740,2024-09-05,1725494536001032398,110621,7904794000124116555,20,Auction,ON Market,7904794000123498604,3330,3340,3340,1747,1,Buy,67,0,117
3,3113741,2024-09-05,1725494536001032398,110621,7904794000123957515,20,Auction,ON Market,7904794000123498604,3330,3340,3340,1747,2,Sell,47,0,118
3,3113742,2024-09-05,1725494536001032398,110621,7904398175943086536,20,Auction,ON Market,7904794000123498605,3330,3340,3340,294,1,Buy,54,0,119
3,3113743,2024-09-05,1725494536001032398,110621,7904794000123957515,20,Auction,ON Market,7904794000123498605,3330,3340,3340,294,2,Sell,47,0,120
3,3113744,2024-09-05,1725494536001032398,110621,7904398175943540756,20,Auction,ON Market,7904794000123498606,3330,3340,3340,10,1,Buy,54,0,121
3,3113745,2024-09-05,1725494536001032398,110621,7904794000123957515,20,Auction,ON Market,7904794000123498606,3330,3340,3340,10,2,Sell,47,0,122
3,3113746,2024-09-05,1725494536001032398,110621,7904398175945600709,20,Auction,ON Market,7904794000123498607,3330,3340,3340,200,1,Buy,69,0,123
3,3113747,2024-09-05,1725494536001032398,110621,7904794000123957515,20,Auction,ON Market,7904794000123498607,3330,3340,3340,200,2,Sell,47,0,124
3,3113748,2024-09-05,1725494536001032398,110621,7904398175945756932,20,Auction,ON Market,7904794000123498608,3330,3340,3340,1007,1,Buy,27,0,125
3,3113749,2024-09-05,1725494536001032398,110621,7904794000123957515,20,Auction,ON Market,7904794000123498608,3330,3340,3340,1007,2,Sell,47,0,126
3,3113750,2024-09-05,1725494536001032398,110621,7904398175945756932,20,Auction,ON Market,7904794000123498609,3330,3340,3340,2993,1,Buy,27,0,127
3,3113751,2024-09-05,1725494536001032398,110621,7904794000124078906,20,Auction,ON Market,7904794000123498609,3330,3340,3340,2993,2,Sell,47,0,128
3,3113752,2024-09-05,1725494536001032398,110621,7904398175946465376,20,Auction,ON Market,7904794000123498610,3330,3340,3340,1500,1,Buy,144,0,129
3,3113753,2024-09-05,1725494536001032398,110621,7904794000124078906,20,Auction,ON Market,7904794000123498610,3330,3340,3340,1500,2,Sell,47,0,130
3,3113754,2024-09-05,1725494536001032398,110621,7904794000123814240,20,Auction,ON Market,7904794000123498611,3330,3340,3340,2999,1,Buy,147,0,131
3,3113755,2024-09-05,1725494536001032398,110621,7904794000124078906,20,Auction,ON Market,7904794000123498611,3330,3340,3340,2999,2,Sell,47,0,132
3,3113756,2024-09-05,1725494536001032398,110621,7904794000123907689,20,Auction,ON Market,7904794000123498612,3330,3340,3340,1471,1,Buy,17,0,133
3,3113757,2024-09-05,1725494536001032398,110621,7904794000124078906,20,Auction,ON Market,7904794000123498612,3330,3340,3340,1471,2,Sell,47,0,134
3,3113758,2024-09-05,1725494536001032398,110621,7904794000124112913,20,Auction,ON Market,7904794000123498613,3330,3340,3340,789,1,Buy,67,0,135
3,3113759,2024-09-05,1725494536001032398,110621,7904794000124078906,20,Auction,ON Market,7904794000123498613,3330,3340,3340,789,2,Sell,47,0,136
3,3113760,2024-09-05,1725494536001032398,110621,7904794000124112913,20,Auction,ON Market,7904794000123498614,3330,3340,3340,535,1,Buy,67,0,137
3,3113761,2024-09-05,1725494536001032398,110621,7904794000123908130,20,Auction,ON Market,7904794000123498614,3330,3340,3340,535,2,Sell,47,0,138
3,3113762,2024-09-05,1725494536001032398,110621,7904794000124112913,20,Auction,ON Market,7904794000123498615,3330,3340,3340,62,1,Buy,67,0,139
3,3113763,2024-09-05,1725494536001032398,110621,7904794000123915623,20,Auction,ON Market,7904794000123498615,3330,3340,3340,62,2,Sell,47,0,140
3,3113764,2024-09-05,1725494536001032398,110621,7904398175942027808,20,Auction,ON Market,7904794000123498616,3330,3340,3340,205,1,Buy,144,0,141
3,3113765,2024-09-05,1725494536001032398,110621,7904794000123915623,20,Auction,ON Market,7904794000123498616,3330,3340,3340,205,2,Sell,47,0,142
3,3113766,2024-09-05,1725494536001032398,110621,7904398175942027808,20,Auction,ON Market,7904794000123498617,3330,3340,3340,115,1,Buy,144,0,143
3,3113767,2024-09-05,1725494536001032398,110621,7904794000123921152,20,Auction,ON Market,7904794000123498617,3330,3340,3340,115,2,Sell,47,0,144
3,3113768,2024-09-05,1725494536001032398,110621,7904398175942027808,20,Auction,ON Market,7904794000123498618,3330,3340,3340,1,1,Buy,144,0,145
3,3113769,2024-09-05,1725494536001032398,110621,7904794000123944053,20,Auction,ON Market,7904794000123498618,3330,3340,3340,1,2,Sell,47,0,146
3,3113770,2024-09-05,1725494536001032398,110621,7904398175942027808,20,Auction,ON Market,7904794000123498619,3330,3340,3340,527,1,Buy,144,0,147
3,3113771,2024-09-05,1725494536001032398,110621,7904794000123953322,20,Auction,ON Market,7904794000123498619,3330,3340,3340,527,2,Sell,47,0,148
3,3113772,2024-09-05,1725494536001032398,110621,7904398175942027808,20,Auction,ON Market,7904794000123498620,3330,3340,3340,949,1,Buy,144,0,149
3,3113773,2024-09-05,1725494536001032398,110621,7904794000124029368,20,Auction,ON Market,7904794000123498620,3330,3340,3340,949,2,Sell,47,0,150
3,3113774,2024-09-05,1725494536001032398,110621,7904398175942263620,20,Auction,ON Market,7904794000123498621,3330,3340,3340,3000,1,Buy,69,0,151
3,3113775,2024-09-05,1725494536001032398,110621,7904794000124029368,20,Auction,ON Market,7904794000123498621,3330,3340,3340,3000,2,Sell,47,0,152
3,3113776,2024-09-05,1725494536001032398,110621,7904398175943619595,20,Auction,ON Market,7904794000123498622,3330,3340,3340,2900,1,Buy,69,0,153
3,3113777,2024-09-05,1725494536001032398,110621,7904794000124029368,20,Auction,ON Market,7904794000123498622,3330,3340,3340,2900,2,Sell,47,0,154
3,3113778,2024-09-05,1725494536001032398,110621,7904398175945623955,20,Auction,ON Market,7904794000123498623,3330,3340,3340,2949,1,Buy,69,0,155
3,3113779,2024-09-05,1725494536001032398,110621,7904794000124029368,20,Auction,ON Market,7904794000123498623,3330,3340,3340,2949,2,Sell,47,0,156
3,3113780,2024-09-05,1725494536001032398,110621,7904398175940428282,20,Auction,ON Market,7904794000123498624,3330,3340,3340,887,1,Buy,69,0,157
3,3113781,2024-09-05,1725494536001032398,110621,7904794000124029368,20,Auction,ON Market,7904794000123498624,3330,3340,3340,887,2,Sell,47,0,158
3,3113782,2024-09-05,1725494536001032398,110621,7904398175940941381,20,Auction,ON Market,7904794000123498625,3330,3340,3340,348,1,Buy,69,0,159
3,3113783,2024-09-05,1725494536001032398,110621,7904794000124029368,20,Auction,ON Market,7904794000123498625,3330,3340,3340,348,2,Sell,47,0,160
3,3113784,2024-09-05,1725494536001032398,110621,7904398175940941381,20,Auction,ON Market,7904794000123498626,3330,3340,3340,2408,1,Buy,69,0,161
3,3113785,2024-09-05,1725494536001032398,110621,7904794000124090749,20,Auction,ON Market,7904794000123498626,3330,3340,3340,2408,2,Sell,146,0,162
3,3113786,2024-09-05,1725494536001032398,110621,7904398175940941381,20,Auction,ON Market,7904794000123498627,3330,3340,3340,244,1,Buy,69,0,163
3,3113787,2024-09-05,1725494536001032398,110621,7904794000124049398,20,Auction,ON Market,7904794000123498627,3330,3340,3340,244,2,Sell,146,0,164
3,3113788,2024-09-05,1725494536001032398,110621,7904398175942455363,20,Auction,ON Market,7904794000123498628,3330,3340,3340,130,1,Buy,54,0,165
3,3113789,2024-09-05,1725494536001032398,110621,7904794000124049398,20,Auction,ON Market,7904794000123498628,3330,3340,3340,130,2,Sell,146,0,166
3,3113790,2024-09-05,1725494536001032398,110621,7904398175943691929,20,Auction,ON Market,7904794000123498629,3330,3340,3340,877,1,Buy,27,0,167
3,3113791,2024-09-05,1725494536001032398,110621,7904794000124049398,20,Auction,ON Market,7904794000123498629,3330,3340,3340,877,2,Sell,146,0,168
3,3113792,2024-09-05,1725494536001032398,110621,7904398175943691929,20,Auction,ON Market,7904794000123498630,3330,3340,3340,1623,1,Buy,27,0,169
3,3113793,2024-09-05,1725494536001032398,110621,7904794000124029690,20,Auction,ON Market,7904794000123498630,3330,3340,3340,1623,2,Sell,146,0,170
3,3113794,2024-09-05,1725494536001032398,110621,7904398175944398622,20,Auction,ON Market,7904794000123498631,3330,3340,3340,293,1,Buy,27,0,171
3,3113795,2024-09-05,1725494536001032398,110621,7904794000124029690,20,Auction,ON Market,7904794000123498631,3330,3340,3340,293,2,Sell,146,0,172
3,3113796,2024-09-05,1725494536001032398,110621,7904794000123738921,20,Auction,ON Market,7904794000123498632,3330,3340,3340,900,1,Buy,284,0,173
3,3113797,2024-09-05,1725494536001032398,110621,7904794000124029690,20,Auction,ON Market,7904794000123498632,3330,3340,3340,900,2,Sell,146,0,174
3,3113798,2024-09-05,1725494536001032398,110621,7904794000123769952,20,Auction,ON Market,7904794000123498633,3330,3340,3340,127,1,Buy,76,0,175
3,3113799,2024-09-05,1725494536001032398,110621,7904794000124029690,20,Auction,ON Market,7904794000123498633,3330,3340,3340,127,2,Sell,146,0,176
3,3113800,2024-09-05,1725494536001032398,110621,7904794000123769952,20,Auction,ON Market,7904794000123498634,3330,3340,3340,133,1,Buy,76,0,177
3,3113801,2024-09-05,1725494536001032398,110621,7904794000123986931,20,Auction,ON Market,7904794000123498634,3330,3340,3340,133,2,Sell,146,0,178
3,3113802,2024-09-05,1725494536001032398,110621,7904794000123889283,20,Auction,ON Market,7904794000123498635,3330,3340,3340,295,1,Buy,54,0,179
3,3113803,2024-09-05,1725494536001032398,110621,7904794000123986931,20,Auction,ON Market,7904794000123498635,3330,3340,3340,295,2,Sell,146,0,180
3,3113804,2024-09-05,1725494536001032398,110621,7904794000123962806,20,Auction,ON Market,7904794000123498636,3330,3340,3340,252,1,Buy,146,0,181
3,3113805,2024-09-05,1725494536001032398,110621,7904794000123986931,20,Auction,ON Market,7904794000123498636,3330,3340,3340,252,2,Sell,146,0,182
3,3113806,2024-09-05,1725494536001032398,110621,7904794000123962806,20,Auction,ON Market,7904794000123498637,3330,3340,3340,148,1,Buy,146,0,183
3,3113807,2024-09-05,1725494536001032398,110621,7904794000124000785,20,Auction,ON Market,7904794000123498637,3330,3340,3340,148,2,Sell,146,0,184
3,3113808,2024-09-05,1725494536001032398,110621,7904794000123967307,20,Auction,ON Market,7904794000123498638,3330,3340,3340,200,1,Buy,69,0,185
3,3113809,2024-09-05,1725494536001032398,110621,7904794000124000785,20,Auction,ON Market,7904794000123498638,3330,3340,3340,200,2,Sell,146,0,186
3,3113810,2024-09-05,1725494536001032398,110621,7904794000123986970,20,Auction,ON Market,7904794000123498639,3330,3340,3340,2882,1,Buy,47,0,187
3,3113811,2024-09-05,1725494536001032398,110621,7904794000124000785,20,Auction,ON Market,7904794000123498639,3330,3340,3340,2882,2,Sell,146,0,188
3,3113812,2024-09-05,1725494536001032398,110621,7904794000123986970,20,Auction,ON Market,7904794000123498640,3330,3340,3340,942,1,Buy,47,0,189
3,3113813,2024-09-05,1725494536001032398,110621,7904794000123957548,20,Auction,ON Market,7904794000123498640,3330,3340,3340,942,2,Sell,146,0,190
3,3113814,2024-09-05,1725494536001032398,110621,7904794000124112927,20,Auction,ON Market,7904794000123498641,3330,3340,3340,52,1,Buy,67,0,191
3,3113815,2024-09-05,1725494536001032398,110621,7904794000123957548,20,Auction,ON Market,7904794000123498641,3330,3340,3340,52,2,Sell,146,0,192
3,3113816,2024-09-05,1725494536001032398,110621,7904794000124112927,20,Auction,ON Market,7904794000123498642,3330,3340,3340,224,1,Buy,67,0,193
3,3113817,2024-09-05,1725494536001032398,110621,7904794000123983836,20,Auction,ON Market,7904794000123498642,3330,3340,3340,224,2,Sell,146,0,194
3,3113818,2024-09-05,1725494536001032398,110621,7904794000124112927,20,Auction,ON Market,7904794000123498643,3330,3340,3340,369,1,Buy,67,0,195
3,3113819,2024-09-05,1725494536001032398,110621,7904794000123957610,20,Auction,ON Market,7904794000123498643,3330,3340,3340,369,2,Sell,146,0,196
3,3113820,2024-09-05,1725494536001032398,110621,7904794000124112927,20,Auction,ON Market,7904794000123498644,3330,3340,3340,598,1,Buy,67,0,197
3,3113821,2024-09-05,1725494536001032398,110621,7904794000123951410,20,Auction,ON Market,7904794000123498644,3330,3340,3340,598,2,Sell,146,0,198
3,3113822,2024-09-05,1725494536001032398,110621,7904794000124112927,20,Auction,ON Market,7904794000123498645,3330,3340,3340,35,1,Buy,67,0,199
3,3113823,2024-09-05,1725494536001032398,110621,7904794000123949664,20,Auction,ON Market,7904794000123498645,3330,3340,3340,35,2,Sell,146,0,200
3,3113824,2024-09-05,1725494536001032398,110621,7904794000124112927,20,Auction,ON Market,7904794000123498646,3330,3340,3340,108,1,Buy,67,0,201
3,3113825,2024-09-05,1725494536001032398,110621,7904794000123947303,20,Auction,ON Market,7904794000123498646,3330,3340,3340,108,2,Sell,146,0,202
3,3113826,2024-09-05,1725494536001032398,110621,7904398175938648176,20,Auction,ON Market,7904794000123498647,3330,3340,3340,3000,1,Buy,27,0,203
3,3113827,2024-09-05,1725494536001032398,110621,7904794000123947303,20,Auction,ON Market,7904794000123498647,3330,3340,3340,3000,2,Sell,146,0,204
3,3113828,2024-09-05,1725494536001032398,110621,7904398175940004523,20,Auction,ON Market,7904794000123498648,3330,3340,3340,500,1,Buy,147,0,205
3,3113829,2024-09-05,1725494536001032398,110621,7904794000123947303,20,Auction,ON Market,7904794000123498648,3330,3340,3340,500,2,Sell,146,0,206
3,3113830,2024-09-05,1725494536001032398,110621,7904398175942392454,20,Auction,ON Market,7904794000123498649,3330,3340,3340,500,1,Buy,76,0,207
3,3113831,2024-09-05,1725494536001032398,110621,7904794000123947303,20,Auction,ON Market,7904794000123498649,3330,3340,3340,500,2,Sell,146,0,208
3,3113832,2024-09-05,1725494536001032398,110621,7904398175945861585,20,Auction,ON Market,7904794000123498650,3330,3340,3340,890,1,Buy,27,0,209
3,3113833,2024-09-05,1725494536001032398,110621,7904794000123947303,20,Auction,ON Market,7904794000123498650,3330,3340,3340,890,2,Sell,146,0,210
3,3113834,2024-09-05,1725494536001032398,110621,7904398175945861585,20,Auction,ON Market,7904794000123498651,3330,3340,3340,110,1,Buy,27,0,211
3,3113835,2024-09-05,1725494536001032398,110621,7904794000124111124,20,Auction,ON Market,7904794000123498651,3330,3340,3340,110,2,Sell,146,0,212
3,3113836,2024-09-05,1725494536001032398,110621,7904398175945865499,20,Auction,ON Market,7904794000123498652,3330,3340,3340,200,1,Buy,76,0,213
3,3113837,2024-09-05,1725494536001032398,110621,7904794000124111124,20,Auction,ON Market,7904794000123498652,3330,3340,3340,200,2,Sell,146,0,214
3,3113838,2024-09-05,1725494536001032398,110621,7904398175947644382,20,Auction,ON Market,7904794000123498653,3330,3340,3340,503,1,Buy,54,0,215
3,3113839,2024-09-05,1725494536001032398,110621,7904794000124111124,20,Auction,ON Market,7904794000123498653,3330,3340,3340,503,2,Sell,146,0,216
3,3113840,2024-09-05,1725494536001032398,110621,7904398175947644382,20,Auction,ON Market,7904794000123498654,3330,3340,3340,2497,1,Buy,54,0,217
3,3113841,2024-09-05,1725494536001032398,110621,7904794000124113858,20,Auction,ON Market,7904794000123498654,3330,3340,3340,2497,2,Sell,146,0,218
3,3113842,2024-09-05,1725494536001032398,110621,7904794000123923592,20,Auction,ON Market,7904794000123498655,3330,3340,3340,300,1,Buy,54,0,219
3,3113843,2024-09-05,1725494536001032398,110621,7904794000124113858,20,Auction,ON Market,7904794000123498655,3330,3340,3340,300,2,Sell,146,0,220
3,3113844,2024-09-05,1725494536001032398,110621,7901232681961367765,20,Auction,ON Market,7904794000123498656,3330,3340,3340,619,1,Buy,27,0,221
3,3113845,2024-09-05,1725494536001032398,110621,7904794000124113858,20,Auction,ON Market,7904794000123498656,3330,3340,3340,619,2,Sell,146,0,222
3,3113846,2024-09-05,1725494536001032398,110621,7901232681961367765,20,Auction,ON Market,7904794000123498657,3330,3340,3340,1141,1,Buy,27,0,223
3,3113847,2024-09-05,1725494536001032398,110621,7904794000124114372,20,Auction,ON Market,7904794000123498657,3330,3340,3340,1141,2,Sell,146,0,224
3,3113848,2024-09-05,1725494536001032398,110621,7904398175938710192,20,Auction,ON Market,7904794000123498658,3330,3340,3340,261,1,Buy,69,0,225
3,3113849,2024-09-05,1725494536001032398,110621,7904794000124114372,20,Auction,ON Market,7904794000123498658,3330,3340,3340,261,2,Sell,146,0,226
3,3113850,2024-09-05,1725494536001032398,110621,7904398175938710192,20,Auction,ON Market,7904794000123498659,3330,3340,3340,974,1,Buy,69,0,227
3,3113851,2024-09-05,1725494536001032398,110621,7904794000124116900,20,Auction,ON Market,7904794000123498659,3330,3340,3340,974,2,Sell,146,0,228
3,3113852,2024-09-05,1725494536001032398,110621,7904398175938710192,20,Auction,ON Market,7904794000123498660,3330,3340,3340,4710,1,Buy,69,0,229
3,3113853,2024-09-05,1725494536001032398,110621,7904794000124090332,20,Auction,ON Market,7904794000123498660,3330,3340,3340,4710,2,Sell,146,0,230
3,3113854,2024-09-05,1725494536001032398,110621,7904398175940219845,20,Auction,ON Market,7904794000123498661,3330,3340,3340,3000,1,Buy,69,0,231
3,3113855,2024-09-05,1725494536001032398,110621,7904794000124090332,20,Auction,ON Market,7904794000123498661,3330,3340,3340,3000,2,Sell,146,0,232
3,3113856,2024-09-05,1725494536001032398,110621,7904398175940939139,20,Auction,ON Market,7904794000123498662,3330,3340,3340,100,1,Buy,32,0,233
3,3113857,2024-09-05,1725494536001032398,110621,7904794000124090332,20,Auction,ON Market,7904794000123498662,3330,3340,3340,100,2,Sell,146,0,234
3,3113858,2024-09-05,1725494536001032398,110621,7904398175942125192,20,Auction,ON Market,7904794000123498663,3330,3340,3340,1411,1,Buy,284,0,235
3,3113859,2024-09-05,1725494536001032398,110621,7904794000124090332,20,Auction,ON Market,7904794000123498663,3330,3340,3340,1411,2,Sell,146,0,236
3,3113860,2024-09-05,1725494536001032398,110621,7904398175945234622,20,Auction,ON Market,7904794000123498664,3330,3340,3340,2500,1,Buy,147,0,237
3,3113861,2024-09-05,1725494536001032398,110621,7904794000124090332,20,Auction,ON Market,7904794000123498664,3330,3340,3340,2500,2,Sell,146,0,238
3,3113862,2024-09-05,1725494536001032398,110621,7904794000123656573,20,Auction,ON Market,7904794000123498665,3330,3340,3340,200,1,Buy,69,0,239
3,3113863,2024-09-05,1725494536001032398,110621,7904794000124090332,20,Auction,ON Market,7904794000123498665,3330,3340,3340,200,2,Sell,146,0,240
3,3113864,2024-09-05,1725494536001032398,110621,7904794000123661156,20,Auction,ON Market,7904794000123498666,3330,3340,3340,4000,1,Buy,69,0,241
3,3113865,2024-09-05,1725494536001032398,110621,7904794000124090332,20,Auction,ON Market,7904794000123498666,3330,3340,3340,4000,2,Sell,146,0,242
3,3113866,2024-09-05,1725494536001032398,110621,7901232681961295538,20,Auction,ON Market,7904794000123498667,3330,3340,3340,1000,1,Buy,69,0,243
3,3113867,2024-09-05,1725494536001032398,110621,7904794000124090332,20,Auction,ON Market,7904794000123498667,3330,3340,3340,1000,2,Sell,146,0,244
3,3113868,2024-09-05,1725494536001032398,110621,7904398175937663797,20,Auction,ON Market,7904794000123498668,3330,3340,3340,268,1,Buy,69,0,245
3,3113869,2024-09-05,1725494536001032398,110621,7904794000124090332,20,Auction,ON Market,7904794000123498668,3330,3340,3340,268,2,Sell,146,0,246
3,3113870,2024-09-05,1725494536001032398,110621,7904398175938586018,20,Auction,ON Market,7904794000123498669,3330,3340,3340,2980,1,Buy,69,0,247
3,3113871,2024-09-05,1725494536001032398,110621,7904794000124090332,20,Auction,ON Market,7904794000123498669,3330,3340,3340,2980,2,Sell,146,0,248
3,3113872,2024-09-05,1725494536001032398,110621,7904398175942016932,20,Auction,ON Market,7904794000123498670,3330,3340,3340,2250,1,Buy,284,0,249
3,3113873,2024-09-05,1725494536001032398,110621,7904794000124090332,20,Auction,ON Market,7904794000123498670,3330,3340,3340,2250,2,Sell,146,0,250
3,3113874,2024-09-05,1725494536001032398,110621,7904398175943340705,20,Auction,ON Market,7904794000123498671,3330,3340,3340,1000,1,Buy,147,0,251
3,3113875,2024-09-05,1725494536001032398,110621,7904794000124090332,20,Auction,ON Market,7904794000123498671,3330,3340,3340,1000,2,Sell,146,0,252
3,3113876,2024-09-05,1725494536001032398,110621,7904398175945547295,20,Auction,ON Market,7904794000123498672,3330,3340,3340,700,1,Buy,27,0,253
3,3113877,2024-09-05,1725494536001032398,110621,7904794000124090332,20,Auction,ON Market,7904794000123498672,3330,3340,3340,700,2,Sell,146,0,254
3,3113878,2024-09-05,1725494536001032398,110621,7904794000123962824,45,Auction UCP,ON Market,7904794000123498673,3330,3340,3340,700,1,Buy,146,0,255
3,3113879,2024-09-05,1725494536001032398,110621,7904794000124090332,45,Auction UCP,ON Market,7904794000123498673,3330,3340,3340,700,2,Sell,146,0,256
3,3113880,2024-09-05,1725494536001032398,110621,7904794000124116576,20,Auction,ON Market,7904794000123498674,3330,3340,3340,14857,1,Buy,67,0,257
3,3113881,2024-09-05,1725494536001032398,110621,7904794000124090332,20,Auction,ON Market,7904794000123498674,3330,3340,3340,14857,2,Sell,146,0,258
3,3113882,2024-09-05,1725494536001032398,110621,7904794000124129574,20,Auction,ON Market,7904794000123498675,3330,3340,3340,324,1,Buy,106,0,259
3,3113883,2024-09-05,1725494536001032398,110621,7904794000124090332,20,Auction,ON Market,7904794000123498675,3330,3340,3340,324,2,Sell,146,0,260
3,3113884,2024-09-05,1725494536001032398,110621,7904794000124129574,20,Auction,ON Market,7904794000123498676,3330,3340,3340,2176,1,Buy,106,0,261
3,3113885,2024-09-05,1725494536001032398,110621,7904794000124115911,20,Auction,ON Market,7904794000123498676,3330,3340,3340,2176,2,Sell,67,0,262
3,3113886,2024-09-05,1725494536001032398,110621,7904794000123660600,20,Auction,ON Market,7904794000123498677,3330,3340,3340,80,1,Buy,69,0,263
3,3113887,2024-09-05,1725494536001032398,110621,7904794000124115911,20,Auction,ON Market,7904794000123498677,3330,3340,3340,80,2,Sell,67,0,264
3,3113888,2024-09-05,1725494536001032398,110621,7904398175942498259,20,Auction,ON Market,7904794000123498678,3330,3340,3340,208,1,Buy,54,0,265
3,3113889,2024-09-05,1725494536001032398,110621,7904794000124115911,20,Auction,ON Market,7904794000123498678,3330,3340,3340,208,2,Sell,67,0,266
3,3113890,2024-09-05,1725494536001032398,110621,7904398175942498259,20,Auction,ON Market,7904794000123498679,3330,3340,3340,792,1,Buy,54,0,267
3,3113891,2024-09-05,1725494536001032398,110621,7904794000123950857,20,Auction,ON Market,7904794000123498679,3330,3340,3340,792,2,Sell,47,0,268
3,3113892,2024-09-05,1725494536001032398,110621,7904794000124053114,20,Auction,ON Market,7904794000123498680,3330,3340,3340,2879,1,Buy,67,0,269
3,3113893,2024-09-05,1725494536001032398,110621,7904794000123950857,20,Auction,ON Market,7904794000123498680,3330,3340,3340,2879,2,Sell,47,0,270
3,3113894,2024-09-05,1725494536001032398,110621,7904794000124053114,20,Auction,ON Market,7904794000123498681,3330,3340,3340,61,1,Buy,67,0,271
3,3113895,2024-09-05,1725494536001032398,110621,7904794000124100544,20,Auction,ON Market,7904794000123498681,3330,3340,3340,61,2,Sell,47,0,272
3,3113896,2024-09-05,1725494536001032398,110621,7904794000124116554,20,Auction,ON Market,7904794000123498682,3330,3340,3340,1603,1,Buy,59,0,273
3,3113897,2024-09-05,1725494536001032398,110621,7904794000124100544,20,Auction,ON Market,7904794000123498682,3330,3340,3340,1603,2,Sell,47,0,274
3,3113898,2024-09-05,1725494536001032398,110621,7904794000124116554,20,Auction,ON Market,7904794000123498683,3330,3340,3340,8423,1,Buy,59,0,275
3,3113899,2024-09-05,1725494536001032398,110621,7904794000124131527,20,Auction,ON Market,7904794000123498683,3330,3340,3340,8423,2,Sell,5,0,276
3,3113900,2024-09-05,1725494536001032398,110621,7904794000124129649,20,Auction,ON Market,7904794000123498684,3330,3340,3340,1577,1,Buy,67,0,277
3,3113901,2024-09-05,1725494536001032398,110621,7904794000124131527,20,Auction,ON Market,7904794000123498684,3330,3340,3340,1577,2,Sell,5,0,278
3,3113902,2024-09-05,1725494536001032398,110621,7904794000124129649,20,Auction,ON Market,7904794000123498685,3330,3340,3340,28,1,Buy,67,0,279
3,3113903,2024-09-05,1725494536001032398,110621,7904794000124131481,20,Auction,ON Market,7904794000123498685,3330,3340,3340,28,2,Sell,42,0,280
3,3126135,2024-09-05,1725494536146140414,110621,7904794000123655655,1,Continuous Lit,ON Market,7904794000123499533,3320,3340,3330,300,1,Buy,146,0,281
3,3126136,2024-09-05,1725494536146140414,110621,7904794000124132443,1,Continuous Lit,ON Market,7904794000123499533,3320,3340,3330,300,2,Sell,26,1,282
3,3126137,2024-09-05,1725494536146140414,110621,7902418780135219205,1,Continuous Lit,ON Market,7904794000123499534,3320,3340,3320,903,1,Buy,69,0,283
3,3126138,2024-09-05,1725494536146140414,110621,7904794000124132443,1,Continuous Lit,ON Market,7904794000123499534,3320,3340,3320,903,2,Sell,26,1,284
3,3126139,2024-09-05,1725494536146140414,110621,7904794000124126924,1,Continuous Lit,ON Market,7904794000123499535,3320,3340,3320,1450,1,Buy,67,0,285
3,3126140,2024-09-05,1725494536146140414,110621,7904794000124132443,1,Continuous Lit,ON Market,7904794000123499535,3320,3340,3320,1450,2,Sell,26,1,286
3,3129415,2024-09-05,1725494536699428318,110621,7904794000124133141,1,Continuous Lit,ON Market,7904794000123499547,3320,3340,3340,1605,1,Buy,106,1,287
3,3129416,2024-09-05,1725494536699428318,110621,7904794000124132100,1,Continuous Lit,ON Market,7904794000123499547,3320,3340,3340,1605,2,Sell,67,0,288
3,3129417,2024-09-05,1725494536699428318,110621,7904794000124133141,1,Continuous Lit,ON Market,7904794000123499548,3320,3340,3350,2500,1,Buy,106,1,289
3,3129418,2024-09-05,1725494536699428318,110621,7904794000124071319,1,Continuous Lit,ON Market,7904794000123499548,3320,3340,3350,2500,2,Sell,26,0,290
3,3129419,2024-09-05,1725494536699428318,110621,7904794000124133141,1,Continuous Lit,ON Market,7904794000123499549,3320,3340,3350,4000,1,Buy,106,1,291
3,3129420,2024-09-05,1725494536699428318,110621,7904794000124084285,1,Continuous Lit,ON Market,7904794000123499549,3320,3340,3350,4000,2,Sell,26,0,292
3,3129421,2024-09-05,1725494536699428318,110621,7904794000124133141,1,Continuous Lit,ON Market,7904794000123499550,3320,3340,3350,6895,1,Buy,106,1,293
3,3129422,2024-09-05,1725494536699428318,110621,7904794000124131943,1,Continuous Lit,ON Market,7904794000123499550,3320,3340,3350,6895,2,Sell,42,0,294
3,3148386,2024-09-05,1725494541217577795,110621,7904794000124137683,44,Continuous Lit UCP,ON Market,7904794000123499616,3330,3350,3340,416,1,Buy,67,0,295
3,3148387,2024-09-05,1725494541217577795,110621,7904794000124137697,44,Continuous Lit UCP,ON Market,7904794000123499616,3330,3350,3340,416,2,Sell,67,1,296
3,3203977,2024-09-05,1725494566047747513,110621,7904794000124150314,44,Continuous Lit UCP,ON Market,7904794000123499786,3330,3350,3350,1605,1,Buy,67,1,297
3,3203978,2024-09-05,1725494566047747513,110621,7904794000124132803,44,Continuous Lit UCP,ON Market,7904794000123499786,3330,3350,3350,1605,2,Sell,67,0,298
3,3203979,2024-09-05,1725494566047747513,110621,7904794000124150314,1,Continuous Lit,ON Market,7904794000123499787,3330,3350,3350,1568,1,Buy,67,1,299
3,3203980,2024-09-05,1725494566047747513,110621,7904794000124133714,1,Continuous Lit,ON Market,7904794000123499787,3330,3350,3350,1568,2,Sell,41,0,300
3,3203981,2024-09-05,1725494566047747513,110621,7904794000124150314,1,Continuous Lit,ON Market,7904794000123499788,3330,3350,3350,334,1,Buy,67,1,301
3,3203982,2024-09-05,1725494566047747513,110621,7904794000124134556,1,Continuous Lit,ON Market,7904794000123499788,3330,3350,3350,334,2,Sell,47,0,302
3,3203983,2024-09-05,1725494566047747513,110621,7904794000124150314,1,Continuous Lit,ON Market,7904794000123499789,3330,3350,3350,1605,1,Buy,67,1,303
3,3203984,2024-09-05,1725494566047747513,110621,7904794000124134557,1,Continuous Lit,ON Market,7904794000123499789,3330,3350,3350,1605,2,Sell,41,0,304
3,3203985,2024-09-05,1725494566047747513,110621,7904794000124150314,1,Continuous Lit,ON Market,7904794000123499790,3330,3350,3350,488,1,Buy,67,1,305
3,3203986,2024-09-05,1725494566047747513,110621,7904794000124135108,1,Continuous Lit,ON Market,7904794000123499790,3330,3350,3350,488,2,Sell,146,0,306
3,3204002,2024-09-05,1725494566047773370,110621,7904794000124150316,1,Continuous Lit,ON Market,7904794000123499791,3330,3350,3350,1269,1,Buy,67,1,307
3,3204003,2024-09-05,1725494566047773370,110621,7904794000124135108,1,Continuous Lit,ON Market,7904794000123499791,3330,3350,3350,1269,2,Sell,146,0,308
3,3204004,2024-09-05,1725494566047773370,110621,7904794000124150316,1,Continuous Lit,ON Market,7904794000123499792,3330,3350,3350,340,1,Buy,67,1,309
3,3204005,2024-09-05,1725494566047773370,110621,7904794000124135777,1,Continuous Lit,ON Market,7904794000123499792,3330,3350,3350,340,2,Sell,47,0,310
3,3204006,2024-09-05,1725494566047773370,110621,7904794000124150316,1,Continuous Lit,ON Market,7904794000123499793,3330,3350,3350,3048,1,Buy,67,1,311
3,3204007,2024-09-05,1725494566047773370,110621,7904794000124137613,1,Continuous Lit,ON Market,7904794000123499793,3330,3350,3350,3048,2,Sell,47,0,312
3,3204008,2024-09-05,1725494566047773370,110621,7904794000124150316,44,Continuous Lit UCP,ON Market,7904794000123499794,3330,3350,3350,120,1,Buy,67,1,313
3,3204009,2024-09-05,1725494566047773370,110621,7904794000124137696,44,Continuous Lit UCP,ON Market,7904794000123499794,3330,3350,3350,120,2,Sell,67,0,314
3,3204010,2024-09-05,1725494566047773370,110621,7904794000124150316,1,Continuous Lit,ON Market,7904794000123499795,3330,3350,3350,18,1,Buy,67,1,315
3,3204011,2024-09-05,1725494566047773370,110621,7904794000124137628,1,Continuous Lit,ON Market,7904794000123499795,3330,3350,3350,18,2,Sell,67,0,316
3,3204012,2024-09-05,1725494566047773370,110621,7904794000124150316,1,Continuous Lit,ON Market,7904794000123499796,3330,3350,3350,2,1,Buy,67,1,317
3,3204013,2024-09-05,1725494566047773370,110621,7904794000124146522,1,Continuous Lit,ON Market,7904794000123499796,3330,3350,3350,2,2,Sell,67,0,318
3,3209882,2024-09-05,1725494568974371392,110621,7904794000124139737,47,Centre Point,ON Market,7904794000123499875,3350,3360,3355,125,1,Buy,61,0,319
3,3209883,2024-09-05,1725494568974371392,110621,7904794000124150967,47,Centre Point,ON Market,7904794000123499875,3350,3360,3355,125,2,Sell,67,0,320
3,3209884,2024-09-05,1725494568974371392,110621,7904794000124139737,47,Centre Point,ON Market,7904794000123499876,3350,3360,3355,53,1,Buy,61,0,321
3,3209885,2024-09-05,1725494568974371392,110621,7904794000124151531,47,Centre Point,ON Market,7904794000123499876,3350,3360,3355,53,2,Sell,47,1,322
3,3209886,2024-09-05,1725494568974371392,110621,7904794000124150590,1,Continuous Lit,ON Market,7904794000123499877,3350,3360,3350,2,1,Buy,51,0,323
3,3209887,2024-09-05,1725494568974371392,110621,7904794000124151531,1,Continuous Lit,ON Market,7904794000123499877,3350,3360,3350,2,2,Sell,47,1,324
3,3209888,2024-09-05,1725494568974371392,110621,7904794000124150593,1,Continuous Lit,ON Market,7904794000123499878,3350,3360,3350,302,1,Buy,67,0,325
3,3209889,2024-09-05,1725494568974371392,110621,7904794000124151531,1,Continuous Lit,ON Market,7904794000123499878,3350,3360,3350,302,2,Sell,47,1,326
3,3248208,2024-09-05,1725494586322827330,110621,7904794000124160302,44,Continuous Lit UCP,ON Market,7904794000123500023,3350,3360,3360,264,1,Buy,67,1,327
3,3248209,2024-09-05,1725494586322827330,110621,7904794000124113167,44,Continuous Lit UCP,ON Market,7904794000123500023,3350,3360,3360,264,2,Sell,67,0,328
3,3274878,2024-09-05,1725494598326615477,110621,7904794000124166086,44,Continuous Lit UCP,ON Market,7904794000123500119,3350,3360,3360,116,1,Buy,67,1,329
3,3274879,2024-09-05,1725494598326615477,110621,7904794000124113167,44,Continuous Lit UCP,ON Market,7904794000123500119,3350,3360,3360,116,2,Sell,67,0,330
3,3284883,2024-09-05,1725494605327165955,110621,7904794000124168398,44,Continuous Lit UCP,ON Market,7904794000123500152,3350,3360,3360,141,1,Buy,67,1,331
3,3284884,2024-09-05,1725494605327165955,110621,7904794000124113167,44,Continuous Lit UCP,ON Market,7904794000123500152,3350,3360,3360,141,2,Sell,67,0,332
3,3302372,2024-09-05,1725494613326990418,110621,7904794000124172393,44,Continuous Lit UCP,ON Market,7904794000123500215,3350,3360,3360,120,1,Buy,67,1,333
3,3302373,2024-09-05,1725494613326990418,110621,7904794000124113167,44,Continuous Lit UCP,ON Market,7904794000123500215,3350,3360,3360,120,2,Sell,67,0,334
3,3312788,2024-09-05,1725494621326857887,110621,7904794000124174738,44,Continuous Lit UCP,ON Market,7904794000123500261,3350,3360,3360,133,1,Buy,67,1,335
3,3312789,2024-09-05,1725494621326857887,110621,7904794000124113167,44,Continuous Lit UCP,ON Market,7904794000123500261,3350,3360,3360,133,2,Sell,67,0,336
3,3336349,2024-09-05,1725494630326778257,110621,7904794000124180000,44,Continuous Lit UCP,ON Market,7904794000123500318,3350,3360,3360,163,1,Buy,67,1,337
3,3336350,2024-09-05,1725494630326778257,110621,7904794000124113167,44,Continuous Lit UCP,ON Market,7904794000123500318,3350,3360,3360,163,2,Sell,67,0,338
3,3350822,2024-09-05,1725494638326624824,110621,7904794000124183202,44,Continuous Lit UCP,ON Market,7904794000123500359,3350,3360,3360,139,1,Buy,67,1,339
3,3350823,2024-09-05,1725494638326624824,110621,7904794000124113167,44,Continuous Lit UCP,ON Market,7904794000123500359,3350,3360,3360,139,2,Sell,67,0,340
3,3369934,2024-09-05,1725494646206804517,110621,7904794000124187631,1,Continuous Lit,ON Market,7904794000123500402,3350,3360,3360,2,1,Buy,51,1,341
3,3369935,2024-09-05,1725494646206804517,110621,7904794000124113167,1,Continuous Lit,ON Market,7904794000123500402,3350,3360,3360,2,2,Sell,67,0,342
3,3369954,2024-09-05,1725494646206947363,110621,7904794000124159542,47,Centre Point,ON Market,7904794000123500403,3350,3360,3355,178,1,Buy,61,0,343
3,3369955,2024-09-05,1725494646206947363,110621,7904794000124187632,47,Centre Point,ON Market,7904794000123500403,3350,3360,3355,178,2,Sell,67,1,344
3,3369956,2024-09-05,1725494646206947363,110621,7904794000124164305,47,Centre Point,ON Market,7904794000123500404,3350,3360,3355,163,1,Buy,54,0,345
3,3369957,2024-09-05,1725494646206947363,110621,7904794000124187632,47,Centre Point,ON Market,7904794000123500404,3350,3360,3355,163,2,Sell,67,1,346
3,3369958,2024-09-05,1725494646206947363,110621,7904794000124150593,44,Continuous Lit UCP,ON Market,7904794000123500405,3350,3360,3350,2318,1,Buy,67,0,347
3,3369959,2024-09-05,1725494646206947363,110621,7904794000124187632,44,Continuous Lit UCP,ON Market,7904794000123500405,3350,3360,3350,2318,2,Sell,67,1,348
3,3369960,2024-09-05,1725494646206947363,110621,7904794000124150598,1,Continuous Lit,ON Market,7904794000123500406,3350,3360,3350,337,1,Buy,51,0,349
3,3369961,2024-09-05,1725494646206947363,110621,7904794000124187632,1,Continuous Lit,ON Market,7904794000123500406,3350,3360,3350,337,2,Sell,67,1,350
3,3369962,2024-09-05,1725494646206947363,110621,7904794000124150617,1,Continuous Lit,ON Market,7904794000123500407,3350,3360,3350,189,1,Buy,51,0,351
3,3369963,2024-09-05,1725494646206947363,110621,7904794000124187632,1,Continuous Lit,ON Market,7904794000123500407,3350,3360,3350,189,2,Sell,67,1,352
3,3369964,2024-09-05,1725494646206947363,110621,7904794000124150627,1,Continuous Lit,ON Market,7904794000123500408,3350,3360,3350,238,1,Buy,51,0,353
3,3369965,2024-09-05,1725494646206947363,110621,7904794000124187632,1,Continuous Lit,ON Market,7904794000123500408,3350,3360,3350,238,2,Sell,67,1,354
3,3369966,2024-09-05,1725494646206947363,110621,7904794000124146521,1,Continuous Lit,ON Market,7904794000123500409,3350,3360,3350,110,1,Buy,67,0,355
3,3369967,2024-09-05,1725494646206947363,110621,7904794000124187632,1,Continuous Lit,ON Market,7904794000123500409,3350,3360,3350,110,2,Sell,67,1,356
3,3374134,2024-09-05,1725494647029346782,110621,7904794000124187646,47,Centre Point,ON Market,7904794000123500416,3350,3360,3355,125,1,Buy,61,0,357
3,3374135,2024-09-05,1725494647029346782,110621,7904794000124187634,47,Centre Point,ON Market,7904794000123500416,3350,3360,3355,125,2,Sell,67,0,358
3,3374136,2024-09-05,1725494647029346782,110621,7904794000124187646,47,Centre Point,ON Market,7904794000123500417,3350,3360,3355,53,1,Buy,61,0,359
3,3374137,2024-09-05,1725494647029346782,110621,7904794000124188669,47,Centre Point,ON Market,7904794000123500417,3350,3360,3355,53,2,Sell,146,1,360
3,3374138,2024-09-05,1725494647029346782,110621,7904794000124146521,1,Continuous Lit,ON Market,7904794000123500418,3350,3360,3350,22,1,Buy,67,0,361
3,3374139,2024-09-05,1725494647029346782,110621,7904794000124188669,1,Continuous Lit,ON Market,7904794000123500418,3350,3360,3350,22,2,Sell,146,1,362
3,3374140,2024-09-05,1725494647029346782,110621,7904794000124137655,1,Continuous Lit,ON Market,7904794000123500419,3350,3360,3350,117,1,Buy,67,0,363
3,3374141,2024-09-05,1725494647029346782,110621,7904794000124188669,1,Continuous Lit,ON Market,7904794000123500419,3350,3360,3350,117,2,Sell,146,1,364
3,3374142,2024-09-05,1725494647029346782,110621,7904794000124163431,1,Continuous Lit,ON Market,7904794000123500420,3350,3360,3350,2,1,Buy,51,0,365
3,3374143,2024-09-05,1725494647029346782,110621,7904794000124188669,1,Continuous Lit,ON Market,7904794000123500420,3350,3360,3350,2,2,Sell,146,1,366
3,3374144,2024-09-05,1725494647029346782,110621,7904794000124187677,1,Continuous Lit,ON Market,7904794000123500421,3350,3360,3350,474,1,Buy,42,0,367
3,3374145,2024-09-05,1725494647029346782,110621,7904794000124188669,1,Continuous Lit,ON Market,7904794000123500421,3350,3360,3350,474,2,Sell,146,1,368
3,3374230,2024-09-05,1725494647029808445,110621,7904794000124188681,1,Continuous Lit,ON Market,7904794000123500422,3340,3350,3350,1899,1,Buy,67,1,369
3,3374231,2024-09-05,1725494647029808445,110621,7904794000124188676,1,Continuous Lit,ON Market,7904794000123500422,3340,3350,3350,1899,2,Sell,146,0,370
3,3374238,2024-09-05,1725494647029821112,110621,7904794000124188682,1,Continuous Lit,ON Market,7904794000123500423,3340,3350,3350,1899,1,Buy,67,1,371
3,3374239,2024-09-05,1725494647029821112,110621,7904794000124188677,1,Continuous Lit,ON Market,7904794000123500423,3340,3350,3350,1899,2,Sell,146,0,372
3,3375294,2024-09-05,1725494647169453488,110621,7904794000124188930,1,Continuous Lit,ON Market,7904794000123500425,3340,3350,3350,130,1,Buy,67,1,373
3,3375295,2024-09-05,1725494647169453488,110621,7904794000124188677,1,Continuous Lit,ON Market,7904794000123500425,3340,3350,3350,130,2,Sell,146,0,374
3,3380022,2024-09-05,1725494648510186744,110621,7904794000124150327,1,Continuous Lit,ON Market,7904794000123500445,3340,3350,3340,550,1,Buy,67,0,375
3,3380023,2024-09-05,1725494648510186744,110621,7904794000124189985,1,Continuous Lit,ON Market,7904794000123500445,3340,3350,3340,550,2,Sell,47,1,376
3,3380024,2024-09-05,1725494648510186744,110621,7904794000124150364,1,Continuous Lit,ON Market,7904794000123500446,3340,3350,3340,258,1,Buy,42,0,377
3,3380025,2024-09-05,1725494648510186744,110621,7904794000124189985,1,Continuous Lit,ON Market,7904794000123500446,3340,3350,3340,258,2,Sell,47,1,378
3,3412206,2024-09-05,1725494656331587830,110621,7904794000124197339,1,Continuous Lit,ON Market,7904794000123500481,3340,3350,3350,166,1,Buy,67,1,379
3,3412207,2024-09-05,1725494656331587830,110621,7904794000124188677,1,Continuous Lit,ON Market,7904794000123500481,3340,3350,3350,166,2,Sell,146,0,380
3,3412810,2024-09-05,1725494656512351238,110621,7904794000124197480,47,Centre Point,ON Market,7904794000123500485,3340,3350,3345,404,1,Buy,41,1,381
3,3412811,2024-09-05,1725494656512351238,110621,7904794000124185011,47,Centre Point,ON Market,7904794000123500485,3340,3350,3345,404,2,Sell,61,0,382
3,3412812,2024-09-05,1725494656512351238,110621,7904794000124197480,1,Continuous Lit,ON Market,7904794000123500486,3340,3350,3350,2097,1,Buy,41,1,383
3,3412813,2024-09-05,1725494656512351238,110621,7904794000124188677,1,Continuous Lit,ON Market,7904794000123500486,3340,3350,3350,2097,2,Sell,146,0,384
3,3412814,2024-09-05,1725494656512351238,110621,7904794000124197480,1,Continuous Lit,ON Market,7904794000123500487,3340,3350,3350,1416,1,Buy,41,1,385
3,3412815,2024-09-05,1725494656512351238,110621,7904794000124188683,1,Continuous Lit,ON Market,7904794000123500487,3340,3350,3350,1416,2,Sell,146,0,386
3,3412816,2024-09-05,1725494656512351238,110621,7904794000124197480,1,Continuous Lit,ON Market,7904794000123500488,3340,3350,3350,679,1,Buy,41,1,387
3,3412817,2024-09-05,1725494656512351238,110621,7904794000124188686,1,Continuous Lit,ON Market,7904794000123500488,3340,3350,3350,679,2,Sell,67,0,388
3,3412818,2024-09-05,1725494656512351238,110621,7904794000124197480,1,Continuous Lit,ON Market,7904794000123500489,3340,3350,3350,459,1,Buy,41,1,389
3,3412819,2024-09-05,1725494656512351238,110621,7904794000124188717,1,Continuous Lit,ON Market,7904794000123500489,3340,3350,3350,459,2,Sell,61,0,390
3,3412820,2024-09-05,1725494656512351238,110621,7904794000124197480,1,Continuous Lit,ON Market,7904794000123500490,3340,3350,3350,2634,1,Buy,41,1,391
3,3412821,2024-09-05,1725494656512351238,110621,7904794000124189185,1,Continuous Lit,ON Market,7904794000123500490,3340,3350,3350,2634,2,Sell,146,0,392
3,3412822,2024-09-05,1725494656512351238,110621,7904794000124197480,1,Continuous Lit,ON Market,7904794000123500491,3340,3350,3350,2044,1,Buy,41,1,393
3,3412823,2024-09-05,1725494656512351238,110621,7904794000124189988,1,Continuous Lit,ON Market,7904794000123500491,3340,3350,3350,2044,2,Sell,47,0,394
3,3416357,2024-09-05,1725494657388226656,110621,7904794000124198284,1,Continuous Lit,ON Market,7904794000123500497,3350,3360,3360,159,1,Buy,51,1,395
3,3416358,2024-09-05,1725494657388226656,110621,7904794000124113167,1,Continuous Lit,ON Market,7904794000123500497,3350,3360,3360,159,2,Sell,67,0,396
3,3420299,2024-09-05,1725494658453024466,110621,7904794000124199203,1,Continuous Lit,ON Market,7904794000123500500,3350,3360,3360,368,1,Buy,41,1,397
3,3420300,2024-09-05,1725494658453024466,110621,7904794000124113167,1,Continuous Lit,ON Market,7904794000123500500,3350,3360,3360,368,2,Sell,67,0,398
3,3420301,2024-09-05,1725494658453024466,110621,7904794000124199203,1,Continuous Lit,ON Market,7904794000123500501,3350,3360,3360,581,1,Buy,41,1,399
3,3420302,2024-09-05,1725494658453024466,110621,7904794000124133411,1,Continuous Lit,ON Market,7904794000123500501,3350,3360,3360,581,2,Sell,26,0,400
3,3420303,2024-09-05,1725494658453024466,110621,7904794000124199203,1,Continuous Lit,ON Market,7904794000123500502,3350,3360,3360,1190,1,Buy,41,1,401
3,3420304,2024-09-05,1725494658453024466,110621,7904794000124135109,1,Continuous Lit,ON Market,7904794000123500502,3350,3360,3360,1190,2,Sell,146,0,402
3,3420305,2024-09-05,1725494658453024466,110621,7904794000124199203,1,Continuous Lit,ON Market,7904794000123500503,3350,3360,3360,971,1,Buy,41,1,403
3,3420306,2024-09-05,1725494658453024466,110621,7904794000124150635,1,Continuous Lit,ON Market,7904794000123500503,3350,3360,3360,971,2,Sell,47,0,404
3,3420307,2024-09-05,1725494658453024466,110621,7904794000124199203,1,Continuous Lit,ON Market,7904794000123500504,3350,3360,3360,458,1,Buy,41,1,405
3,3420308,2024-09-05,1725494658453024466,110621,7904794000124185027,1,Continuous Lit,ON Market,7904794000123500504,3350,3360,3360,458,2,Sell,61,0,406
3,3420309,2024-09-05,1725494658453024466,110621,7904794000124199203,1,Continuous Lit,ON Market,7904794000123500505,3350,3360,3360,1076,1,Buy,41,1,407
3,3420310,2024-09-05,1725494658453024466,110621,7904794000124187640,1,Continuous Lit,ON Market,7904794000123500505,3350,3360,3360,1076,2,Sell,67,0,408
3,3420311,2024-09-05,1725494658453024466,110621,7904794000124199203,1,Continuous Lit,ON Market,7904794000123500506,3350,3360,3360,985,1,Buy,41,1,409
3,3420312,2024-09-05,1725494658453024466,110621,7904794000124187644,1,Continuous Lit,ON Market,7904794000123500506,3350,3360,3360,985,2,Sell,42,0,410
3,3420313,2024-09-05,1725494658453024466,110621,7904794000124199203,1,Continuous Lit,ON Market,7904794000123500507,3350,3360,3360,2529,1,Buy,41,1,411
3,3420314,2024-09-05,1725494658453024466,110621,7904794000124135110,1,Continuous Lit,ON Market,7904794000123500507,3350,3360,3360,2529,2,Sell,146,0,412
3,3420676,2024-09-05,1725494658592699491,110621,7904794000124199276,1,Continuous Lit,ON Market,7904794000123500508,3350,3360,3360,47,1,Buy,67,1,413
3,3420677,2024-09-05,1725494658592699491,110621,7904794000124199213,1,Continuous Lit,ON Market,7904794000123500508,3350,3360,3360,47,2,Sell,146,0,414
3,3420678,2024-09-05,1725494658592699491,110621,7904794000124199276,1,Continuous Lit,ON Market,7904794000123500509,3350,3360,3360,422,1,Buy,67,1,415
3,3420679,2024-09-05,1725494658592699491,110621,7904794000124199214,1,Continuous Lit,ON Market,7904794000123500509,3350,3360,3360,422,2,Sell,146,0,416
3,3420680,2024-09-05,1725494658592699491,110621,7904794000124199276,1,Continuous Lit,ON Market,7904794000123500510,3350,3360,3360,416,1,Buy,67,1,417
3,3420681,2024-09-05,1725494658592699491,110621,7904794000124199228,1,Continuous Lit,ON Market,7904794000123500510,3350,3360,3360,416,2,Sell,47,0,418
3,3426683,2024-09-05,1725494659621404494,110621,7904794000124198277,1,Continuous Lit,ON Market,7904794000123500573,3350,3360,3350,250,1,Buy,67,0,419
3,3426684,2024-09-05,1725494659621404494,110621,7904794000124200542,1,Continuous Lit,ON Market,7904794000123500573,3350,3360,3350,250,2,Sell,47,1,420
3,3426685,2024-09-05,1725494659621404494,110621,7904794000124198278,1,Continuous Lit,ON Market,7904794000123500574,3350,3360,3350,106,1,Buy,67,0,421
3,3426686,2024-09-05,1725494659621404494,110621,7904794000124200542,1,Continuous Lit,ON Market,7904794000123500574,3350,3360,3350,106,2,Sell,47,1,422
3,3435542,2024-09-05,1725494661203352848,110621,7904794000124202592,1,Continuous Lit,ON Market,7904794000123500605,3350,3360,3360,8,1,Buy,51,1,423
3,3435543,2024-09-05,1725494661203352848,110621,7904794000124199280,1,Continuous Lit,ON Market,7904794000123500605,3350,3360,3360,8,2,Sell,146,0,424
3,3435544,2024-09-05,1725494661203352848,110621,7904794000124202592,1,Continuous Lit,ON Market,7904794000123500606,3350,3360,3360,70,1,Buy,51,1,425
3,3435545,2024-09-05,1725494661203352848,110621,7904794000124199281,1,Continuous Lit,ON Market,7904794000123500606,3350,3360,3360,70,2,Sell,146,0,426
3,3454117,2024-09-05,1725494666324974467,110621,7904794000124206801,1,Continuous Lit,ON Market,7904794000123500650,3350,3360,3360,1,1,Buy,67,1,427
3,3454118,2024-09-05,1725494666324974467,110621,7904794000124202596,1,Continuous Lit,ON Market,7904794000123500650,3350,3360,3360,1,2,Sell,146,0,428
3,3454119,2024-09-05,1725494666324974467,110621,7904794000124206801,1,Continuous Lit,ON Market,7904794000123500651,3350,3360,3360,10,1,Buy,67,1,429
3,3454120,2024-09-05,1725494666324974467,110621,7904794000124202597,1,Continuous Lit,ON Market,7904794000123500651,3350,3360,3360,10,2,Sell,146,0,430
3,3454147,2024-09-05,1725494666325126208,110621,7904794000124206804,48,Centre Point UCP,ON Market,7904794000123500652,3350,3360,3355,125,1,Buy,67,1,431
3,3454148,2024-09-05,1725494666325126208,110621,7904794000124206803,48,Centre Point UCP,ON Market,7904794000123500652,3350,3360,3355,125,2,Sell,67,0,432
3,3454727,2024-09-05,1725494666545599953,110621,7904794000124206926,1,Continuous Lit,ON Market,7904794000123500653,3350,3360,3360,125,1,Buy,51,1,433
3,3454728,2024-09-05,1725494666545599953,110621,7904794000124206805,1,Continuous Lit,ON Market,7904794000123500653,3350,3360,3360,125,2,Sell,67,0,434
3,3454729,2024-09-05,1725494666545599953,110621,7904794000124206926,1,Continuous Lit,ON Market,7904794000123500654,3350,3360,3360,2,1,Buy,51,1,435
3,3454730,2024-09-05,1725494666545599953,110621,7904794000124206806,1,Continuous Lit,ON Market,7904794000123500654,3350,3360,3360,2,2,Sell,146,0,436
3,3472129,2024-09-05,1725494671953184750,110621,7904794000124210857,1,Continuous Lit,ON Market,7904794000123500733,3350,3370,3370,1605,1,Buy,51,1,437
3,3472130,2024-09-05,1725494671953184750,110621,7904794000124116112,1,Continuous Lit,ON Market,7904794000123500733,3350,3370,3370,1605,2,Sell,67,0,438
3,3472131,2024-09-05,1725494671953184750,110621,7904794000124210857,1,Continuous Lit,ON Market,7904794000123500734,3350,3370,3370,1950,1,Buy,51,1,439
3,3472132,2024-09-05,1725494671953184750,110621,7904794000124122456,1,Continuous Lit,ON Market,7904794000123500734,3350,3370,3370,1950,2,Sell,41,0,440
3,3472133,2024-09-05,1725494671953184750,110621,7904794000124210857,1,Continuous Lit,ON Market,7904794000123500735,3350,3370,3370,823,1,Buy,51,1,441
3,3472134,2024-09-05,1725494671953184750,110621,7904794000124132956,1,Continuous Lit,ON Market,7904794000123500735,3350,3370,3370,823,2,Sell,26,0,442
3,3472135,2024-09-05,1725494671953184750,110621,7904794000124210857,1,Continuous Lit,ON Market,7904794000123500736,3350,3370,3370,1008,1,Buy,51,1,443
3,3472136,2024-09-05,1725494671953184750,110621,7904794000124150969,1,Continuous Lit,ON Market,7904794000123500736,3350,3370,3370,1008,2,Sell,42,0,444
3,3472137,2024-09-05,1725494671953184750,110621,7904794000124210857,1,Continuous Lit,ON Market,7904794000123500737,3350,3370,3370,1629,1,Buy,51,1,445
3,3472138,2024-09-05,1725494671953184750,110621,7904794000124200557,1,Continuous Lit,ON Market,7904794000123500737,3350,3370,3370,1629,2,Sell,47,0,446
3,3473524,2024-09-05,1725494672091846809,110621,7904794000124211140,1,Continuous Lit,ON Market,7904794000123500762,3360,3370,3370,199,1,Buy,67,1,447
3,3473525,2024-09-05,1725494672091846809,110621,7904794000124210896,1,Continuous Lit,ON Market,7904794000123500762,3360,3370,3370,199,2,Sell,47,0,448
3,3512476,2024-09-05,1725494679988079440,110621,7904794000124217032,1,Continuous Lit,ON Market,7904794000123502412,3360,3370,3370,140,1,Buy,67,1,449
3,3512477,2024-09-05,1725494679988079440,110621,7904794000124210896,1,Continuous Lit,ON Market,7904794000123502412,3360,3370,3370,140,2,Sell,47,0,450
3,3538232,2024-09-05,1725494690324459670,110621,7904794000124222579,48,Centre Point UCP,ON Market,7904794000123502607,3360,3370,3365,118,1,Buy,67,1,451
3,3538233,2024-09-05,1725494690324459670,110621,7904794000124217816,48,Centre Point UCP,ON Market,7904794000123502607,3360,3370,3365,118,2,Sell,67,0,452
3,3551898,2024-09-05,1725494697326050647,110621,7904794000124225738,48,Centre Point UCP,ON Market,7904794000123502660,3360,3370,3365,7,1,Buy,67,1,453
3,3551899,2024-09-05,1725494697326050647,110621,7904794000124217816,48,Centre Point UCP,ON Market,7904794000123502660,3360,3370,3365,7,2,Sell,67,0,454
3,3551900,2024-09-05,1725494697326050647,110621,7904794000124225738,1,Continuous Lit,ON Market,7904794000123502661,3360,3370,3370,113,1,Buy,67,1,455
3,3551901,2024-09-05,1725494697326050647,110621,7904794000124210896,1,Continuous Lit,ON Market,7904794000123502661,3360,3370,3370,113,2,Sell,47,0,456
3,3577456,2024-09-05,1725494706327151877,110621,7904794000124231237,1,Continuous Lit,ON Market,7904794000123502876,3360,3370,3370,144,1,Buy,67,1,457
3,3577457,2024-09-05,1725494706327151877,110621,7904794000124210896,1,Continuous Lit,ON Market,7904794000123502876,3360,3370,3370,144,2,Sell,47,0,458
3,3602744,2024-09-05,1725494717325370114,110621,7904794000124236309,1,Continuous Lit,ON Market,7904794000123503053,3360,3370,3370,102,1,Buy,67,1,459
3,3602745,2024-09-05,1725494717325370114,110621,7904794000124210896,1,Continuous Lit,ON Market,7904794000123503053,3360,3370,3370,102,2,Sell,47,0,460
3,3602746,2024-09-05,1725494717325370114,110621,7904794000124236309,1,Continuous Lit,ON Market,7904794000123503054,3360,3370,3370,67,1,Buy,67,1,461
3,3602747,2024-09-05,1725494717325370114,110621,7904794000124223865,1,Continuous Lit,ON Market,7904794000123503054,3360,3370,3370,67,2,Sell,61,0,462
3,3602760,2024-09-05,1725494717325503238,110621,7904794000124236310,1,Continuous Lit,ON Market,7904794000123503055,3360,3370,3370,564,1,Buy,67,1,463
3,3602761,2024-09-05,1725494717325503238,110621,7904794000124223865,1,Continuous Lit,ON Market,7904794000123503055,3360,3370,3370,564,2,Sell,61,0,464
3,3602795,2024-09-05,1725494717325675347,110621,7904794000124236315,47,Centre Point,ON Market,7904794000123503056,3360,3370,3365,125,1,Buy,41,1,465
3,3602796,2024-09-05,1725494717325675347,110621,7904794000124236313,47,Centre Point,ON Market,7904794000123503056,3360,3370,3365,125,2,Sell,67,0,466
3,3626106,2024-09-05,1725494724921318764,110621,7904794000124232064,47,Centre Point,ON Market,7904794000123503259,3360,3380,3370,178,1,Buy,61,0,467
3,3626107,2024-09-05,1725494724921318764,110621,7904794000124241081,47,Centre Point,ON Market,7904794000123503259,3360,3380,3370,178,2,Sell,47,1,468
3,3626108,2024-09-05,1725494724921318764,110621,7904794000124210872,1,Continuous Lit,ON Market,7904794000123503260,3360,3380,3360,179,1,Buy,67,0,469
3,3626109,2024-09-05,1725494724921318764,110621,7904794000124241081,1,Continuous Lit,ON Market,7904794000123503260,3360,3380,3360,179,2,Sell,47,1,470
3,3704311,2024-09-05,1725494754495865014,110621,7904794000124257841,1,Continuous Lit,ON Market,7904794000123503719,3360,3380,3380,2,1,Buy,51,1,471
3,3704312,2024-09-05,1725494754495865014,110621,7904794000124116823,1,Continuous Lit,ON Market,7904794000123503719,3360,3380,3380,2,2,Sell,67,0,472
3,3729424,2024-09-05,1725494762332435221,110621,7904794000124210872,1,Continuous Lit,ON Market,7904794000123503906,3360,3380,3360,211,1,Buy,67,0,473
3,3729425,2024-09-05,1725494762332435221,110621,7904794000124263135,1,Continuous Lit,ON Market,7904794000123503906,3360,3380,3360,211,2,Sell,47,1,474
3,3729426,2024-09-05,1725494762332435221,110621,7904794000124210910,1,Continuous Lit,ON Market,7904794000123503907,3360,3380,3360,145,1,Buy,67,0,475
3,3729427,2024-09-05,1725494762332435221,110621,7904794000124263135,1,Continuous Lit,ON Market,7904794000123503907,3360,3380,3360,145,2,Sell,47,1,476
3,3729718,2024-09-05,1725494762476107153,110621,7904794000124263183,48,Centre Point UCP,ON Market,7904794000123503911,3360,3370,3365,125,1,Buy,67,1,477
3,3729719,2024-09-05,1725494762476107153,110621,7904794000124263138,48,Centre Point UCP,ON Market,7904794000123503911,3360,3370,3365,125,2,Sell,67,0,478
3,3910588,2024-09-05,1725494818747661670,110621,7904794000124301325,48,Centre Point UCP,ON Market,7904794000123505833,3360,3370,3365,125,1,Buy,67,1,479
3,3910589,2024-09-05,1725494818747661670,110621,7904794000124294331,48,Centre Point UCP,ON Market,7904794000123505833,3360,3370,3365,125,2,Sell,67,0,480
3,3910590,2024-09-05,1725494818747661670,110621,7904794000124301325,44,Continuous Lit UCP,ON Market,7904794000123505834,3360,3370,3370,507,1,Buy,67,1,481
3,3910591,2024-09-05,1725494818747661670,110621,7904794000124301276,44,Continuous Lit UCP,ON Market,7904794000123505834,3360,3370,3370,507,2,Sell,67,0,482
3,3963646,2024-09-05,1725494838597787522,110621,7904794000124311280,47,Centre Point,ON Market,7904794000123506287,3360,3370,3365,178,1,Buy,61,0,483
3,3963647,2024-09-05,1725494838597787522,110621,7904794000124312063,47,Centre Point,ON Market,7904794000123506287,3360,3370,3365,178,2,Sell,47,1,484
3,3963648,2024-09-05,1725494838597787522,110621,7904794000124210910,1,Continuous Lit,ON Market,7904794000123506288,3360,3370,3360,179,1,Buy,67,0,485
3,3963649,2024-09-05,1725494838597787522,110621,7904794000124312063,1,Continuous Lit,ON Market,7904794000123506288,3360,3370,3360,179,2,Sell,47,1,486
3,3963673,2024-09-05,1725494838597924915,110621,7904794000124210910,44,Continuous Lit UCP,ON Market,7904794000123506289,3360,3370,3360,9876,1,Buy,67,0,487
3,3963674,2024-09-05,1725494838597924915,110621,7904794000124312064,44,Continuous Lit UCP,ON Market,7904794000123506289,3360,3370,3360,9876,2,Sell,67,1,488
3,3963675,2024-09-05,1725494838597924915,110621,7904794000124199275,1,Continuous Lit,ON Market,7904794000123506290,3360,3370,3360,448,1,Buy,42,0,489
3,3963676,2024-09-05,1725494838597924915,110621,7904794000124312064,1,Continuous Lit,ON Market,7904794000123506290,3360,3370,3360,448,2,Sell,67,1,490
3,3963677,2024-09-05,1725494838597924915,110621,7904794000124212879,1,Continuous Lit,ON Market,7904794000123506291,3360,3370,3360,1,1,Buy,51,0,491
3,3963678,2024-09-05,1725494838597924915,110621,7904794000124312064,1,Continuous Lit,ON Market,7904794000123506291,3360,3370,3360,1,2,Sell,67,1,492
3,3963679,2024-09-05,1725494838597924915,110621,7904794000124231308,1,Continuous Lit,ON Market,7904794000123506292,3360,3370,3360,8770,1,Buy,47,0,493
3,3963680,2024-09-05,1725494838597924915,110621,7904794000124312064,1,Continuous Lit,ON Market,7904794000123506292,3360,3370,3360,8770,2,Sell,67,1,494
3,3963681,2024-09-05,1725494838597924915,110621,7904794000124231347,1,Continuous Lit,ON Market,7904794000123506293,3360,3370,3360,390,1,Buy,42,0,495
3,3963682,2024-09-05,1725494838597924915,110621,7904794000124312064,1,Continuous Lit,ON Market,7904794000123506293,3360,3370,3360,390,2,Sell,67,1,496
3,3963683,2024-09-05,1725494838597924915,110621,7904794000124239545,44,Continuous Lit UCP,ON Market,7904794000123506294,3360,3370,3360,115,1,Buy,67,0,497
3,3963684,2024-09-05,1725494838597924915,110621,7904794000124312064,44,Continuous Lit UCP,ON Market,7904794000123506294,3360,3370,3360,115,2,Sell,67,1,498
3,3963693,2024-09-05,1725494838597935150,110621,7904794000124239545,44,Continuous Lit UCP,ON Market,7904794000123506295,3360,3370,3360,837,1,Buy,67,0,499
3,3963694,2024-09-05,1725494838597935150,110621,7904794000124312065,44,Continuous Lit UCP,ON Market,7904794000123506295,3360,3370,3360,837,2,Sell,67,1,500
3,3963695,2024-09-05,1725494838597935150,110621,7904794000124291988,44,Continuous Lit UCP,ON Market,7904794000123506296,3360,3370,3360,1342,1,Buy,67,0,501
3,3963696,2024-09-05,1725494838597935150,110621,7904794000124312065,44,Continuous Lit UCP,ON Market,7904794000123506296,3360,3370,3360,1342,2,Sell,67,1,502
3,3970380,2024-09-05,1725494840359842200,110621,7904794000124198278,1,Continuous Lit,ON Market,7904794000123506351,3350,3360,3350,344,1,Buy,67,0,503
3,3970381,2024-09-05,1725494840359842200,110621,7904794000124313497,1,Continuous Lit,ON Market,7904794000123506351,3350,3360,3350,344,2,Sell,47,1,504
3,3970382,2024-09-05,1725494840359842200,110621,7904794000124198285,1,Continuous Lit,ON Market,7904794000123506352,3350,3360,3350,219,1,Buy,67,0,505
3,3970383,2024-09-05,1725494840359842200,110621,7904794000124313497,1,Continuous Lit,ON Market,7904794000123506352,3350,3360,3350,219,2,Sell,47,1,506
3,3976817,2024-09-05,1725494843716398753,110621,7904794000124314778,44,Continuous Lit UCP,ON Market,7904794000123506384,3350,3360,3360,1603,1,Buy,67,0,507
3,3976818,2024-09-05,1725494843716398753,110621,7904794000124314779,44,Continuous Lit UCP,ON Market,7904794000123506384,3350,3360,3360,1603,2,Sell,67,1,508
3,3986758,2024-09-05,1725494848374409566,110621,7904794000124313674,1,Continuous Lit,ON Market,7904794000123506497,3360,3370,3360,673,1,Buy,42,0,509
3,3986759,2024-09-05,1725494848374409566,110621,7904794000124316623,1,Continuous Lit,ON Market,7904794000123506497,3360,3370,3360,673,2,Sell,67,1,510
3,3986760,2024-09-05,1725494848374409566,110621,7904794000124314859,1,Continuous Lit,ON Market,7904794000123506498,3360,3370,3360,694,1,Buy,42,0,511
3,3986761,2024-09-05,1725494848374409566,110621,7904794000124316623,1,Continuous Lit,ON Market,7904794000123506498,3360,3370,3360,694,2,Sell,67,1,512
3,3989339,2024-09-05,1725494849918001154,110621,7904794000124317156,1,Continuous Lit,ON Market,7904794000123506518,3350,3360,3360,170,1,Buy,146,1,513
3,3989340,2024-09-05,1725494849918001154,110621,7904794000124316630,1,Continuous Lit,ON Market,7904794000123506518,3350,3360,3360,170,2,Sell,67,0,514
3,3993054,2024-09-05,1725494851458087062,110621,7904794000124198285,1,Continuous Lit,ON Market,7904794000123506527,3350,3370,3350,497,1,Buy,67,0,515
3,3993055,2024-09-05,1725494851458087062,110621,7904794000124317916,1,Continuous Lit,ON Market,7904794000123506527,3350,3370,3350,497,2,Sell,47,1,516
3,4004410,2024-09-05,1725494857947068251,110621,7904794000124320212,1,Continuous Lit,ON Market,7904794000123506640,3350,3360,3360,901,1,Buy,67,1,517
3,4004411,2024-09-05,1725494857947068251,110621,7904794000124320167,1,Continuous Lit,ON Market,7904794000123506640,3350,3360,3360,901,2,Sell,146,0,518
3,4017053,2024-09-05,1725494862220513542,110621,7904794000124322789,1,Continuous Lit,ON Market,7904794000123506747,3350,3360,3360,5379,1,Buy,41,1,519
3,4017054,2024-09-05,1725494862220513542,110621,7904794000124320167,1,Continuous Lit,ON Market,7904794000123506747,3350,3360,3360,5379,2,Sell,146,0,520
3,4017055,2024-09-05,1725494862220513542,110621,7904794000124322789,1,Continuous Lit,ON Market,7904794000123506748,3350,3360,3360,460,1,Buy,41,1,521
3,4017056,2024-09-05,1725494862220513542,110621,7904794000124320492,1,Continuous Lit,ON Market,7904794000123506748,3350,3360,3360,460,2,Sell,61,0,522
3,4017109,2024-09-05,1725494862220855330,110621,7904794000124322796,44,Continuous Lit UCP,ON Market,7904794000123506749,3350,3360,3360,643,1,Buy,67,0,523
3,4017110,2024-09-05,1725494862220855330,110621,7904794000124322799,44,Continuous Lit UCP,ON Market,7904794000123506749,3350,3360,3360,643,2,Sell,67,1,524
3,4017940,2024-09-05,1725494862617119185,110621,7904794000124198285,1,Continuous Lit,ON Market,7904794000123506754,3350,3370,3350,607,1,Buy,67,0,525
3,4017941,2024-09-05,1725494862617119185,110621,7904794000124322950,1,Continuous Lit,ON Market,7904794000123506754,3350,3370,3350,607,2,Sell,47,1,526
3,4066848,2024-09-05,1725494885292476772,110621,7904794000124332462,5,Trade Report Crossings,OFF Market,7904794000123507190,3350,3360,3355,1,1,Buy,42,0,527
3,4066849,2024-09-05,1725494885292476772,110621,7904794000124332462,5,Trade Report Crossings,OFF Market,7904794000123507190,3350,3360,3355,1,2,Sell,42,0,528
3,4067113,2024-09-05,1725494885620356438,110621,7904794000124332514,5,Trade Report Crossings,OFF Market,7904794000123507193,3350,3360,3355,5,1,Buy,42,0,529
3,4067114,2024-09-05,1725494885620356438,110621,7904794000124332514,5,Trade Report Crossings,OFF Market,7904794000123507193,3350,3360,3355,5,2,Sell,42,0,530
3,4126515,2024-09-05,1725494905613579430,110621,7904794000124345217,5,Trade Report Crossings,OFF Market,7904794000123507462,3350,3360,3355,5,1,Buy,42,0,531
3,4126516,2024-09-05,1725494905613579430,110621,7904794000124345217,5,Trade Report Crossings,OFF Market,7904794000123507462,3350,3360,3355,5,2,Sell,42,0,532
3,4156434,2024-09-05,1725494916076683503,110621,7904794000124351674,1,Continuous Lit,ON Market,7904794000123507606,3350,3360,3360,2,1,Buy,51,1,533
3,4156435,2024-09-05,1725494916076683503,110621,7904794000124324491,1,Continuous Lit,ON Market,7904794000123507606,3350,3360,3360,2,2,Sell,146,0,534
3,4376957,2024-09-05,1725494967267648078,110621,7904794000124394168,1,Continuous Lit,ON Market,7904794000123511330,3350,3360,3360,8331,1,Buy,41,1,535
3,4376958,2024-09-05,1725494967267648078,110621,7904794000124324491,1,Continuous Lit,ON Market,7904794000123511330,3350,3360,3360,8331,2,Sell,146,0,536
3,4376959,2024-09-05,1725494967267648078,110621,7904794000124394168,1,Continuous Lit,ON Market,7904794000123511331,3350,3360,3360,3017,1,Buy,41,1,537
3,4376960,2024-09-05,1725494967267648078,110621,7904794000124326285,1,Continuous Lit,ON Market,7904794000123511331,3350,3360,3360,3017,2,Sell,47,0,538
3,4376961,2024-09-05,1725494967267648078,110621,7904794000124394168,1,Continuous Lit,ON Market,7904794000123511332,3350,3360,3360,2,1,Buy,41,1,539
3,4376962,2024-09-05,1725494967267648078,110621,7904794000124331924,1,Continuous Lit,ON Market,7904794000123511332,3350,3360,3360,2,2,Sell,51,0,540
3,4376963,2024-09-05,1725494967267648078,110621,7904794000124394168,1,Continuous Lit,ON Market,7904794000123511333,3350,3360,3360,76,1,Buy,41,1,541
3,4376964,2024-09-05,1725494967267648078,110621,7904794000124335128,1,Continuous Lit,ON Market,7904794000123511333,3350,3360,3360,76,2,Sell,67,0,542
3,4376965,2024-09-05,1725494967267648078,110621,7904794000124394168,1,Continuous Lit,ON Market,7904794000123511334,3350,3360,3360,17,1,Buy,41,1,543
3,4376966,2024-09-05,1725494967267648078,110621,7904794000124335141,1,Continuous Lit,ON Market,7904794000123511334,3350,3360,3360,17,2,Sell,67,0,544
3,4376967,2024-09-05,1725494967267648078,110621,7904794000124394168,1,Continuous Lit,ON Market,7904794000123511335,3350,3360,3360,27,1,Buy,41,1,545
3,4376968,2024-09-05,1725494967267648078,110621,7904794000124371732,1,Continuous Lit,ON Market,7904794000123511335,3350,3360,3360,27,2,Sell,67,0,546
3,4377088,2024-09-05,1725494967268372910,110621,7904794000124387086,47,Centre Point,ON Market,7904794000123511336,3350,3360,3360,178,1,Buy,61,0,547
3,4377089,2024-09-05,1725494967268372910,110621,7904794000124394190,47,Centre Point,ON Market,7904794000123511336,3350,3360,3360,178,2,Sell,146,1,548
3,4377675,2024-09-05,1725494967406607385,110621,7904794000124394273,1,Continuous Lit,ON Market,7904794000123511355,3350,3360,3360,818,1,Buy,67,1,549
3,4377676,2024-09-05,1725494967406607385,110621,7904794000124394190,1,Continuous Lit,ON Market,7904794000123511355,3350,3360,3360,818,2,Sell,146,0,550
3,4386886,2024-09-05,1725494970003205225,110621,7904794000124396087,1,Continuous Lit,ON Market,7904794000123511407,3360,3370,3370,125,1,Buy,41,1,551
3,4386887,2024-09-05,1725494970003205225,110621,7904794000124301276,1,Continuous Lit,ON Market,7904794000123511407,3360,3370,3370,125,2,Sell,67,0,552
3,4386888,2024-09-05,1725494970003205225,110621,7904794000124396087,1,Continuous Lit,ON Market,7904794000123511408,3360,3370,3370,643,1,Buy,41,1,553
3,4386889,2024-09-05,1725494970003205225,110621,7904794000124301277,1,Continuous Lit,ON Market,7904794000123511408,3360,3370,3370,643,2,Sell,67,0,554
3,4386890,2024-09-05,1725494970003205225,110621,7904794000124396087,1,Continuous Lit,ON Market,7904794000123511409,3360,3370,3370,643,1,Buy,41,1,555
3,4386891,2024-09-05,1725494970003205225,110621,7904794000124301278,1,Continuous Lit,ON Market,7904794000123511409,3360,3370,3370,643,2,Sell,67,0,556
3,4386892,2024-09-05,1725494970003205225,110621,7904794000124396087,1,Continuous Lit,ON Market,7904794000123511410,3360,3370,3370,852,1,Buy,41,1,557
3,4386893,2024-09-05,1725494970003205225,110621,7904794000124313502,1,Continuous Lit,ON Market,7904794000123511410,3360,3370,3370,852,2,Sell,47,0,558
3,4386894,2024-09-05,1725494970003205225,110621,7904794000124396087,1,Continuous Lit,ON Market,7904794000123511411,3360,3370,3370,1334,1,Buy,41,1,559
3,4386895,2024-09-05,1725494970003205225,110621,7904794000124314178,1,Continuous Lit,ON Market,7904794000123511411,3360,3370,3370,1334,2,Sell,146,0,560
3,4386896,2024-09-05,1725494970003205225,110621,7904794000124396087,1,Continuous Lit,ON Market,7904794000123511412,3360,3370,3370,352,1,Buy,41,1,561
3,4386897,2024-09-05,1725494970003205225,110621,7904794000124316619,1,Continuous Lit,ON Market,7904794000123511412,3360,3370,3370,352,2,Sell,26,0,562
3,4415098,2024-09-05,1725494976508157868,110621,7904794000124401840,44,Continuous Lit UCP,ON Market,7904794000123511638,3360,3370,3370,211,1,Buy,146,1,563
3,4415099,2024-09-05,1725494976508157868,110621,7904794000124396095,44,Continuous Lit UCP,ON Market,7904794000123511638,3360,3370,3370,211,2,Sell,146,0,564
3,4416006,2024-09-05,1725494976646178530,110621,7904794000124402008,1,Continuous Lit,ON Market,7904794000123511653,3360,3370,3370,10,1,Buy,67,1,565
3,4416007,2024-09-05,1725494976646178530,110621,7904794000124396095,1,Continuous Lit,ON Market,7904794000123511653,3360,3370,3370,10,2,Sell,146,0,566
3,4416008,2024-09-05,1725494976646178530,110621,7904794000124402008,1,Continuous Lit,ON Market,7904794000123511654,3360,3370,3370,152,1,Buy,67,1,567
3,4416009,2024-09-05,1725494976646178530,110621,7904794000124396107,1,Continuous Lit,ON Market,7904794000123511654,3360,3370,3370,152,2,Sell,47,0,568
3,4438466,2024-09-05,1725494982549954538,110621,7904794000124406576,1,Continuous Lit,ON Market,7904794000123511832,3360,3370,3370,196,1,Buy,146,1,569
3,4438467,2024-09-05,1725494982549954538,110621,7904794000124396107,1,Continuous Lit,ON Market,7904794000123511832,3360,3370,3370,196,2,Sell,47,0,570
3,4449198,2024-09-05,1725494985227480550,110621,7904794000124408584,1,Continuous Lit,ON Market,7904794000123511897,3360,3380,3370,17,1,Buy,146,1,571
3,4449199,2024-09-05,1725494985227480550,110621,7904794000124396107,1,Continuous Lit,ON Market,7904794000123511897,3360,3380,3370,17,2,Sell,47,0,572
3,4449200,2024-09-05,1725494985227480550,110621,7904794000124408584,44,Continuous Lit UCP,ON Market,7904794000123511898,3360,3380,3370,1,1,Buy,146,1,573
3,4449201,2024-09-05,1725494985227480550,110621,7904794000124402011,44,Continuous Lit UCP,ON Market,7904794000123511898,3360,3380,3370,1,2,Sell,146,0,574
3,4449270,2024-09-05,1725494985230447625,110621,7904794000124408600,5,Trade Report Crossings,OFF Market,7904794000123511899,3370,3380,3375,241,1,Buy,51,0,575
3,4449271,2024-09-05,1725494985230447625,110621,7904794000124408600,5,Trade Report Crossings,OFF Market,7904794000123511899,3370,3380,3375,241,2,Sell,51,0,576
3,4605958,2024-09-05,1725495024032675973,110621,7904794000124439530,1,Continuous Lit,ON Market,7904794000123513114,3370,3380,3380,2,1,Buy,51,1,577
3,4605959,2024-09-05,1725495024032675973,110621,7904794000124133140,1,Continuous Lit,ON Market,7904794000123513114,3370,3380,3380,2,2,Sell,26,0,578
3,4613689,2024-09-05,1725495025363022447,110621,7904794000124440984,1,Continuous Lit,ON Market,7904794000123513220,3370,3380,3380,1,1,Buy,51,1,579
3,4613690,2024-09-05,1725495025363022447,110621,7904794000124133140,1,Continuous Lit,ON Market,7904794000123513220,3370,3380,3380,1,2,Sell,26,0,580
3,4627982,2024-09-05,1725495029648334786,110621,7904794000124443626,1,Continuous Lit,ON Market,7904794000123513322,3370,3380,3380,21,1,Buy,146,1,581
3,4627983,2024-09-05,1725495029648334786,110621,7904794000124133140,1,Continuous Lit,ON Market,7904794000123513322,3370,3380,3380,21,2,Sell,26,0,582
3,4627984,2024-09-05,1725495029648334786,110621,7904794000124443626,1,Continuous Lit,ON Market,7904794000123513323,3370,3380,3380,6,1,Buy,146,1,583
3,4627985,2024-09-05,1725495029648334786,110621,7904794000124141247,1,Continuous Lit,ON Market,7904794000123513323,3370,3380,3380,6,2,Sell,26,0,584
3,4631871,2024-09-05,1725495030489113850,110621,7904794000124444378,1,Continuous Lit,ON Market,7904794000123513380,3370,3380,3380,886,1,Buy,147,1,585
3,4631872,2024-09-05,1725495030489113850,110621,7904794000124141247,1,Continuous Lit,ON Market,7904794000123513380,3370,3380,3380,886,2,Sell,26,0,586
3,4631873,2024-09-05,1725495030489113850,110621,7904794000124444378,1,Continuous Lit,ON Market,7904794000123513381,3370,3380,3380,1114,1,Buy,147,1,587
3,4631874,2024-09-05,1725495030489113850,110621,7904794000124316622,1,Continuous Lit,ON Market,7904794000123513381,3370,3380,3380,1114,2,Sell,26,0,588
3,4631911,2024-09-05,1725495030489280882,110621,7904794000124444383,1,Continuous Lit,ON Market,7904794000123513382,3370,3380,3380,1365,1,Buy,67,1,589
3,4631912,2024-09-05,1725495030489280882,110621,7904794000124316622,1,Continuous Lit,ON Market,7904794000123513382,3370,3380,3380,1365,2,Sell,26,0,590
3,4631913,2024-09-05,1725495030489280882,110621,7904794000124444383,1,Continuous Lit,ON Market,7904794000123513383,3370,3380,3380,1904,1,Buy,67,1,591
3,4631914,2024-09-05,1725495030489280882,110621,7904794000124410111,1,Continuous Lit,ON Market,7904794000123513383,3370,3380,3380,1904,2,Sell,47,0,592
3,4631915,2024-09-05,1725495030489280882,110621,7904794000124444383,1,Continuous Lit,ON Market,7904794000123513384,3370,3380,3380,463,1,Buy,67,1,593
3,4631916,2024-09-05,1725495030489280882,110621,7904794000124418967,1,Continuous Lit,ON Market,7904794000123513384,3370,3380,3380,463,2,Sell,61,0,594
3,4632029,2024-09-05,1725495030490707213,110621,7904794000124444410,5,Trade Report Crossings,OFF Market,7904794000123513385,3380,3390,3385,261,1,Buy,51,0,595
3,4632030,2024-09-05,1725495030490707213,110621,7904794000124444410,5,Trade Report Crossings,OFF Market,7904794000123513385,3380,3390,3385,261,2,Sell,51,0,596
3,4651359,2024-09-05,1725495035606015646,110621,7904794000124448117,44,Continuous Lit UCP,ON Market,7904794000123513517,3380,3390,3390,250,1,Buy,67,1,597
3,4651360,2024-09-05,1725495035606015646,110621,7904794000124164742,44,Continuous Lit UCP,ON Market,7904794000123513517,3380,3390,3390,250,2,Sell,67,0,598
3,4651361,2024-09-05,1725495035606015646,110621,7904794000124448117,44,Continuous Lit UCP,ON Market,7904794000123513518,3380,3390,3390,200,1,Buy,67,1,599
3,4651362,2024-09-05,1725495035606015646,110621,7904794000124164772,44,Continuous Lit UCP,ON Market,7904794000123513518,3380,3390,3390,200,2,Sell,67,0,600
3,4651363,2024-09-05,1725495035606015646,110621,7904794000124448117,44,Continuous Lit UCP,ON Market,7904794000123513519,3380,3390,3390,200,1,Buy,67,1,601
3,4651364,2024-09-05,1725495035606015646,110621,7904794000124164775,44,Continuous Lit UCP,ON Market,7904794000123513519,3380,3390,3390,200,2,Sell,67,0,602
3,4724244,2024-09-05,1725495056329734281,110621,7904794000124461610,44,Continuous Lit UCP,ON Market,7904794000123514191,3380,3390,3390,632,1,Buy,67,1,603
3,4724245,2024-09-05,1725495056329734281,110621,7904794000124449407,44,Continuous Lit UCP,ON Market,7904794000123514191,3380,3390,3390,632,2,Sell,67,0,604
3,4724246,2024-09-05,1725495056329734281,110621,7904794000124461610,44,Continuous Lit UCP,ON Market,7904794000123514192,3380,3390,3390,643,1,Buy,67,1,605
3,4724247,2024-09-05,1725495056329734281,110621,7904794000124449408,44,Continuous Lit UCP,ON Market,7904794000123514192,3380,3390,3390,643,2,Sell,67,0,606
3,4724248,2024-09-05,1725495056329734281,110621,7904794000124461610,1,Continuous Lit,ON Market,7904794000123514193,3380,3390,3390,16,1,Buy,67,1,607
3,4724249,2024-09-05,1725495056329734281,110621,7904794000124450241,1,Continuous Lit,ON Market,7904794000123514193,3380,3390,3390,16,2,Sell,26,0,608
3,4804162,2024-09-05,1725495078806475893,110621,7904794000124476507,1,Continuous Lit,ON Market,7904794000123515034,3380,3390,3390,2,1,Buy,51,1,609
3,4804163,2024-09-05,1725495078806475893,110621,7904794000124450241,1,Continuous Lit,ON Market,7904794000123515034,3380,3390,3390,2,2,Sell,26,0,610
3,4930275,2024-09-05,1725495119163835375,110621,7904794000124501139,1,Continuous Lit,ON Market,7904794000123516002,3380,3390,3390,300,1,Buy,67,1,611
3,4930276,2024-09-05,1725495119163835375,110621,7904794000124450241,1,Continuous Lit,ON Market,7904794000123516002,3380,3390,3390,300,2,Sell,26,0,612
3,4930277,2024-09-05,1725495119163835375,110621,7904794000124501139,44,Continuous Lit UCP,ON Market,7904794000123516003,3380,3390,3390,505,1,Buy,67,1,613
3,4930278,2024-09-05,1725495119163835375,110621,7904794000124473729,44,Continuous Lit UCP,ON Market,7904794000123516003,3380,3390,3390,505,2,Sell,67,0,614
3,4971506,2024-09-05,1725495132180712326,110621,7904794000124509125,44,Continuous Lit UCP,ON Market,7904794000123516391,3380,3390,3390,138,1,Buy,67,1,615
3,4971507,2024-09-05,1725495132180712326,110621,7904794000124473729,44,Continuous Lit UCP,ON Market,7904794000123516391,3380,3390,3390,138,2,Sell,67,0,616
3,4971508,2024-09-05,1725495132180712326,110621,7904794000124509125,44,Continuous Lit UCP,ON Market,7904794000123516392,3380,3390,3390,791,1,Buy,67,1,617
3,4971509,2024-09-05,1725495132180712326,110621,7904794000124473730,44,Continuous Lit UCP,ON Market,7904794000123516392,3380,3390,3390,791,2,Sell,67,0,618
3,4971569,2024-09-05,1725495132181005047,110621,7904794000124453232,47,Centre Point,ON Market,7904794000123516393,3390,3390,3395,178,1,Buy,61,0,619
3,4971570,2024-09-05,1725495132181005047,110621,7904794000124509133,47,Centre Point,ON Market,7904794000123516393,3390,3390,3395,178,2,Sell,67,0,620
3,5089624,2024-09-05,1725495171642188240,110621,7904794000124530902,44,Continuous Lit UCP,ON Market,7904794000123517450,3390,3400,3400,768,1,Buy,67,1,621
3,5089625,2024-09-05,1725495171642188240,110621,7904794000123697191,44,Continuous Lit UCP,ON Market,7904794000123517450,3390,3400,3400,768,2,Sell,67,0,622
3,5561271,2024-09-05,1725495331899126135,110621,7904794000124522008,47,Centre Point,ON Market,7904794000123521754,3390,3400,3395,178,1,Buy,61,0,623
3,5561272,2024-09-05,1725495331899126135,110621,7904794000124602691,47,Centre Point,ON Market,7904794000123521754,3390,3400,3395,178,2,Sell,61,0,624
3,5561273,2024-09-05,1725495331899126135,110621,7904794000124564507,47,Centre Point,ON Market,7904794000123521755,3390,3400,3395,125,1,Buy,67,0,625
3,5561274,2024-09-05,1725495331899126135,110621,7904794000124602691,47,Centre Point,ON Market,7904794000123521755,3390,3400,3395,125,2,Sell,61,0,626
3,5561275,2024-09-05,1725495331899126135,110621,7904794000124615367,47,Centre Point,ON Market,7904794000123521756,3390,3400,3395,101,1,Buy,67,1,627
3,5561276,2024-09-05,1725495331899126135,110621,7904794000124602691,47,Centre Point,ON Market,7904794000123521756,3390,3400,3395,101,2,Sell,61,0,628
3,5561318,2024-09-05,1725495331899443844,110621,7904794000124615372,44,Continuous Lit UCP,ON Market,7904794000123521757,3390,3400,3400,837,1,Buy,67,1,629
3,5561319,2024-09-05,1725495331899443844,110621,7904794000123697191,44,Continuous Lit UCP,ON Market,7904794000123521757,3390,3400,3400,837,2,Sell,67,0,630
3,5561320,2024-09-05,1725495331899443844,110621,7904794000124615372,1,Continuous Lit,ON Market,7904794000123521758,3390,3400,3400,500,1,Buy,67,1,631
3,5561321,2024-09-05,1725495331899443844,110621,7904794000123869388,1,Continuous Lit,ON Market,7904794000123521758,3390,3400,3400,500,2,Sell,146,0,632
3,5561322,2024-09-05,1725495331899443844,110621,7904794000124615372,1,Continuous Lit,ON Market,7904794000123521759,3390,3400,3400,4263,1,Buy,67,1,633
3,5561323,2024-09-05,1725495331899443844,110621,7904794000123965589,1,Continuous Lit,ON Market,7904794000123521759,3390,3400,3400,4263,2,Sell,44,0,634
3,5561347,2024-09-05,1725495331899443844,110621,7904794000124615376,1,Continuous Lit,ON Market,7904794000123521760,3400,3400,3400,2992,1,Buy,67,1,635
3,5561348,2024-09-05,1725495331899443844,110621,7904794000123965589,1,Continuous Lit,ON Market,7904794000123521760,3400,3400,3400,2992,2,Sell,44,0,636
3,5561349,2024-09-05,1725495331899443844,110621,7904794000124615376,1,Continuous Lit,ON Market,7904794000123521761,3400,3400,3400,614,1,Buy,67,1,637
3,5561350,2024-09-05,1725495331899443844,110621,7904794000124445740,1,Continuous Lit,ON Market,7904794000123521761,3400,3400,3400,614,2,Sell,47,0,638
3,5561351,2024-09-05,1725495331899443844,110621,7904794000124615376,1,Continuous Lit,ON Market,7904794000123521762,3400,3400,3400,333,1,Buy,67,1,639
3,5561352,2024-09-05,1725495331899443844,110621,7904794000124511959,1,Continuous Lit,ON Market,7904794000123521762,3400,3400,3400,333,2,Sell,47,0,640
3,5561353,2024-09-05,1725495331899443844,110621,7904794000124615376,1,Continuous Lit,ON Market,7904794000123521763,3400,3400,3400,350,1,Buy,67,1,641
3,5561354,2024-09-05,1725495331899443844,110621,7904794000124512202,1,Continuous Lit,ON Market,7904794000123521763,3400,3400,3400,350,2,Sell,47,0,642
3,5561355,2024-09-05,1725495331899443844,110621,7904794000124615376,1,Continuous Lit,ON Market,7904794000123521764,3400,3400,3400,457,1,Buy,67,1,643
3,5561356,2024-09-05,1725495331899443844,110621,7904794000124516949,1,Continuous Lit,ON Market,7904794000123521764,3400,3400,3400,457,2,Sell,61,0,644
3,5561357,2024-09-05,1725495331899443844,110621,7904794000124615376,1,Continuous Lit,ON Market,7904794000123521765,3400,3400,3400,281,1,Buy,67,1,645
3,5561358,2024-09-05,1725495331899443844,110621,7904794000124524170,1,Continuous Lit,ON Market,7904794000123521765,3400,3400,3400,281,2,Sell,26,0,646
3,5561359,2024-09-05,1725495331899443844,110621,7904794000124615376,1,Continuous Lit,ON Market,7904794000123521766,3400,3400,3400,225,1,Buy,67,1,647
3,5561360,2024-09-05,1725495331899443844,110621,7904794000124549642,1,Continuous Lit,ON Market,7904794000123521766,3400,3400,3400,225,2,Sell,47,0,648
3,5561361,2024-09-05,1725495331899443844,110621,7904794000124615376,1,Continuous Lit,ON Market,7904794000123521767,3400,3400,3400,215,1,Buy,67,1,649
3,5561362,2024-09-05,1725495331899443844,110621,7904794000124581984,1,Continuous Lit,ON Market,7904794000123521767,3400,3400,3400,215,2,Sell,47,0,650
3,5561363,2024-09-05,1725495331899443844,110621,7904794000124615376,1,Continuous Lit,ON Market,7904794000123521768,3400,3400,3400,133,1,Buy,67,1,651
3,5561364,2024-09-05,1725495331899443844,110621,7904794000124599706,1,Continuous Lit,ON Market,7904794000123521768,3400,3400,3400,133,2,Sell,47,0,652
3,5561376,2024-09-05,1725495331899466749,110621,7904794000124615378,1,Continuous Lit,ON Market,7904794000123521769,3400,3410,3400,164,1,Buy,42,1,653
3,5561377,2024-09-05,1725495331899466749,110621,7904794000124599706,1,Continuous Lit,ON Market,7904794000123521769,3400,3410,3400,164,2,Sell,47,0,654
3,5561402,2024-09-05,1725495331899480714,110621,7904794000124615383,44,Continuous Lit UCP,ON Market,7904794000123521770,3400,3410,3400,791,1,Buy,67,1,655
3,5561403,2024-09-05,1725495331899480714,110621,7904794000124615382,44,Continuous Lit UCP,ON Market,7904794000123521770,3400,3410,3400,791,2,Sell,67,0,656
3,5561632,2024-09-05,1725495331904105687,110621,7904794000124615425,47,Centre Point,ON Market,7904794000123521771,3400,3410,3405,178,1,Buy,61,1,657
3,5561633,2024-09-05,1725495331904105687,110621,7904794000124615411,47,Centre Point,ON Market,7904794000123521771,3400,3410,3405,178,2,Sell,67,0,658
3,5563820,2024-09-05,1725495332852587189,110621,7904794000124577642,1,Continuous Lit,ON Market,7904794000123521785,3400,3410,3400,47,1,Buy,41,0,659
3,5563821,2024-09-05,1725495332852587189,110621,7904794000124615801,1,Continuous Lit,ON Market,7904794000123521785,3400,3410,3400,47,2,Sell,146,1,660
3,5563822,2024-09-05,1725495332852587189,110621,7904794000124615743,1,Continuous Lit,ON Market,7904794000123521786,3400,3410,3400,190,1,Buy,51,0,661
3,5563823,2024-09-05,1725495332852587189,110621,7904794000124615801,1,Continuous Lit,ON Market,7904794000123521786,3400,3410,3400,190,2,Sell,146,1,662
3,5567212,2024-09-05,1725495333967805592,110621,7904794000124615749,1,Continuous Lit,ON Market,7904794000123521801,3400,3410,3400,251,1,Buy,51,0,663
3,5567213,2024-09-05,1725495333967805592,110621,7904794000124616461,1,Continuous Lit,ON Market,7904794000123521801,3400,3410,3400,251,2,Sell,146,1,664
3,5567214,2024-09-05,1725495333967805592,110621,7904794000124445838,1,Continuous Lit,ON Market,7904794000123521802,3400,3410,3400,262,1,Buy,42,0,665
3,5567215,2024-09-05,1725495333967805592,110621,7904794000124616461,1,Continuous Lit,ON Market,7904794000123521802,3400,3410,3400,262,2,Sell,146,1,666
3,5567216,2024-09-05,1725495333967805592,110621,7904794000124509223,1,Continuous Lit,ON Market,7904794000123521803,3400,3410,3400,41,1,Buy,42,0,667
3,5567217,2024-09-05,1725495333967805592,110621,7904794000124616461,1,Continuous Lit,ON Market,7904794000123521803,3400,3410,3400,41,2,Sell,146,1,668
3,5567218,2024-09-05,1725495333967805592,110621,7904794000124615835,1,Continuous Lit,ON Market,7904794000123521804,3400,3410,3400,268,1,Buy,42,0,669
3,5567219,2024-09-05,1725495333967805592,110621,7904794000124616461,1,Continuous Lit,ON Market,7904794000123521804,3400,3410,3400,268,2,Sell,146,1,670
3,5567274,2024-09-05,1725495333967981977,110621,7904794000124616469,44,Continuous Lit UCP,ON Market,7904794000123521805,3400,3400,3400,802,1,Buy,67,1,671
3,5567275,2024-09-05,1725495333967981977,110621,7904794000124616467,44,Continuous Lit UCP,ON Market,7904794000123521805,3400,3400,3400,802,2,Sell,67,0,672
3,5567520,2024-09-05,1725495334006016375,110621,7904794000124616526,1,Continuous Lit,ON Market,7904794000123521809,3390,3400,3400,192,1,Buy,42,0,673
3,5567521,2024-09-05,1725495334006016375,110621,7904794000124616527,1,Continuous Lit,ON Market,7904794000123521809,3390,3400,3400,192,2,Sell,67,1,674
3,5572552,2024-09-05,1725495335474410530,110621,7904794000124617481,1,Continuous Lit,ON Market,7904794000123521859,3390,3410,3400,804,1,Buy,41,1,675
